2792 4852
276 405 318 474 o.
352 403 850 506 1115nrsemrrrs1ffi.
953 407 1023 511 357

83 543 121 608 9.
149 537 213 610 Ab
235 537 515 632 obstructione,
543 556 610 613 aut
635 543 906 642 compressione
924 571 1024 622 raso·

137 681 233 728 rum
262 662 578 757 spermaticorum.

140 776 242 848 Vide
263 779 374 850 etiem
392 803 504 877 supra
517 804 553 878 g.
580 783 849 880 Oligoepemia
864 797 903 856 et
922 785 1025 884 Dye·
1048 807 1053 814 ·
1100 811 1103 826 ·

87 921 272 991 sper-mm

140 1075 210 1168 ὁὶ).
238 1099 274 1142 2.
299 1075 569 1171 Dysspermasia
594 1079 813 1152 Urethralie.

140 1275 189 1348 V
189 1297 218 1348 A
231 1298 352 1349 rur
369 1301 442 1371 pro
461 1299 578 1348 cauea
600 1288 763 1348 remota:

84 1480 117 1521 α.
147 1447 334 1522 Ᾱεῐειιοεὶ
349 1447 515 1523 urethrae.
534 1448 643 1540 (Vide
653 1454 875 1542 Sthenoeis).

84 1573 118 1662 β.
148 1568 209 1640 ΔΙ)
240 1569 392 1668 ectopisi
425 1593 491 1640 seu
521 1567 664 1643 orificio
693 1569 852 1644 urethrae
880 1571 919 1641 in
943 1569 1027 1644 loeo

148 1688 286 1763 alieno.

90 1839 123 1902 y.
149 1806 210 1878 Ab
225 1806 541 1894 inflammatione²
555 1821 620 1892 ¹aut
638 1805 761 1886 ulcere
780 1801 956 1880 urethrae..

85 1927 115 1994 δ.
145 1929 177 1994 Δ
204 1922 349 1996 defectu
369 1923 575 1995 erectionis.
591 1921 708 2014 (vide
726 1923 926 2018 Astyria).

88 2072 115 2112 ε.
146 2047 176 2112 A
196 2039 343 2113 defectu
366 2041 527 2139 turgoris
553 2039 719 2141 corporis
735 2021 922 2109 cavernosi
940 2059 1020 2109 ure-
1090 2101 1099 2115 ,

140 2159 235 2232 three
271 2159 483 2231 simultanei
517 2181 604 2228 eum
640 2171 789 2254 turgore
822 2177 1022 2252 corporum
1099 2193 1106 2204 ·

141 2301 430 2350 cavernoeorum
449 2277 567 2375 penis.

60 2407 117 2480 “ζ.
147 2395 207 2467 Ab
233 2397 486 2468 excrescentiis
520 2392 721 2466 verrucosis
752 2380 818 2460 eut
846 2407 1023 2462 sarcoma·

146 2517 255 2602 rosis,
279 2511 466 2585 orificium
490 2527 556 2585 aut
582 2508 745 2584 canalem
770 2506 927 2581 urethrae
953 2503 1016 2576 ob-

144 2617 373 2706 truentibis.

141 2835 204 2928 Sp.
222 2828 257 2900 3.
288 2827 558 2928 Dysspermasia
584 2831 749 2906 Peoliem

143 3015 172 3083 A
192 3011 294 3080 vitiis
312 3010 470 3082 membri
493 3009 611 3082 virilis
635 3003 805 3078 oriunda.

144 3211 300 3281 mm
320 3235 390 3304 pro
406 3211 492 3280 rede
511 3211 573 3280 vel
587 3228 705 3277 cauea
718 3211 857 3272 remota
873 3225 885 3266 .·

93 3421 124 3460 ι.
153 3391 382 3485 Apraeputio
396 3389 509 3458 nimis
534 3407 652 3457 crasso
676 3394 742 3451 aut
765 3377 895 3476 longo;
909 3373 967 3448 vel
981 3373 1029 3448 ab

55 3533 58 3540 ’
143 3504 289 3576 orificio
305 3507 386 3601 ejus
403 3507 516 3575 nimis
534 3513 733 3574 contrecto.

95 3631 128 3716 β.
156 3635 186 3695 Δ
211 3627 311 3696 vitiis
337 3625 495 3696 urethrae
517 3623 639 3694 variis.

94 3777 123 3846 y.
149 3750 178 3817 Δ
195 3743 339 3818 defectu
356 3745 552 3816 erectionis
565 3739 723 3812 debitae:
878 3844 902 3916 3

815 3853 848 3922 Y
923 3899 928 3910 .
