2754 4858
377 435 456 535 51&
559 437 633 508 CLs
657 437 701 504 V.
727 435 1134 533 ttonsltoptct.

376 571 536 674 qualiter
546 571 821 662 distendentes;
836 571 988 646 tandem
1000 599 1087 650 rasa
1099 576 1323 672 spermatica

377 691 539 769 testiculi
561 718 654 794 saepe
685 692 869 793 complete
893 692 1110 794 disparent,
1134 709 1180 766 et
1218 717 1321 766 men·

376 812 531 885 branam
543 813 789 912 albugineam,
809 814 927 886 instar
941 815 1078 888 saecuti
1096 815 1221 892 vacui
1233 869 1244 902 ,
1254 831 1323 914 pos

378 934 1322 1034 serelinquunt.-Tumoresinitioparvuli‚indo

379 1054 515 1141 lentes,
542 1054 629 1127 dein
663 1053 842 1152 paulatim
869 1070 1103 1144 crescentes,
1140 1059 1323 1154 praecipue

380 1175 570 1271 pressione
596 1197 741 1245 summe
782 1171 966 1252 dolorifici
994 1173 1171 1245 evadunt
1200 1201 1211 1262 ;
1243 1197 1325 1244 acce

381 1293 492 1365 dente
506 1291 632 1365 dolore
655 1293 871 1365 lumborum
886 1295 1029 1366 tensivo
1043 1309 1110 1365 aut
1127 1307 1325 1390 gravante,

381 1435 474 1510 saepe
491 1413 537 1484 ad
555 1412 704 1500 lumbos
718 1438 866 1510 usque,
899 1413 956 1485 vel
974 1416 1087 1490 etiam
1116 1416 1162 1486 in
1184 1415 1325 1488 interno

383 1511 521 1589 femore
532 1513 578 1584 ad
594 1539 693 1610 genu
709 1539 830 1612 usque
846 1528 1017 1599 extense,
1036 1517 1243 1612 pressione
1263 1515 1326 1584 leni

384 1628 546 1705 funiculi
561 1634 772 1730 spermatici
792 1657 920 1706 versus
942 1632 1132 1705 annulum
1162 1631 1325 1704 abdomi-

384 1766 507 1838 nalem
536 1766 643 1839 nullo
672 1767 784 1840 modo
813 1753 1090 1858 diminuentes,
1138 1789 1326 1866 compres·

384 1887 488 1959 sione
515 1887 678 1984 ejrrsdem
703 1887 849 1961 fortiori
876 1889 923 1960 ad
939 1886 1129 1960 annulum
1163 1887 1327 1960 abdomi-

320 2009 324 2020 '
382 2003 503 2077 nalem
515 2009 767 2102 increscentes.
800 2013 941 2080 Tumor
961 2010 1062 2082 testis
1076 2007 1243 2092 tandem
1259 2033 1324 2080 non

383 2149 467 2197 raro
483 2127 522 2197 in
537 2142 723 2226 apostema
740 2141 776 2199 ct
790 2127 898 2202 ulcus
910 2127 1060 2216 abiens,
1094 2153 1137 2200 ex
1158 2155 1247 2228 quo
1261 2150 1328 2226 gra·

383 2245 632 2320 datimtotum
645 2268 706 2320 vas
717 2249 980 2346 spermaticum
993 2246 1159 2320 testiculi
1172 2249 1252 2321 sub
1264 2247 1327 2320 ior·

383 2387 443 2436 ma
456 2361 606 2434 filorum
622 2353 794 2437 tenuium
812 2364 984 2438 alborum
1001 2367 1251 2452 excernitur,
1277 2367 1326 2434 rix

384 2489 608 2554 remanente
626 2483 705 2557 ullo
732 2485 886 2584 vestigio
910 2483 1080 2562 testiculi.
1108 2485 1277 2558 Morbus
1292 2509 1327 2556 er

384 2599 609 2673 distensione
647 2602 809 2677 violenta
850 2619 916 2698 aut
954 2603 1060 2677 rhexi
1101 2605 1326 2678 membrana

389 2715 531 2790 fibrosae
551 2722 712 2794 testiculi
734 2723 931 2797 oriundus.

390 2863 471 2932 Sin.
491 2861 780 2959 Spcrmatocclc,
807 2879 842 2935 et
865 2889 959 2964 saepe
986 2865 1097 2938 etiam
1125 2863 1327 2968 improprie

535 2981 744 3058 Varicocele
760 2987 874 3062 Aoct.
890 2987 933 3080 (⁴)

427 3266 471 3348 (⁴³)
491 3269 551 3330 Hic
565 3273 686 3334 morbus
705 3273 743 3332 ab
752 3275 893 3336 omnibus
911 3271 973 3334 fers
983 3274 1157 3336 auctoribus
1176 3275 1329 3334 malem·

387 3371 506 3426 tumore
518 3371 650 3444 varicoso
657 3370 862 3435 testiculorum
871 3371 1030 3446 confusus,
1045 3371 1137 3452 vulgo
1145 3373 1206 3431 snb
1215 3373 1328 3432 mimine

389 3467 553 3526 varicocele
573 3491 625 3530 scu
649 3461 807 3548 cira-occia,
831 3475 992 3532 autetiam
1007 3469 1152 3532 caraxata
1178 3471 1329 3536 occurritt

389 3561 440 3622 ted
452 3564 620 3626 charactere
633 3567 790 3648 utriusque
810 3569 880 3630 dato
893 3573 974 3631 inter
989 3591 1019 3629 se
1038 3571 1107 3628 satis
1123 3569 1217 3629 facile
1231 3569 1327 3628 distic·

391 3671 536 3740 gurtntur.
551 3666 598 3730 Ex
611 3677 681 3728 ortu
692 3691 726 3728 ac
739 3691 897 3752 progresso
915 3681 1043 3750 uterque
1056 3669 1106 3729 hic
1118 3677 1231 3730 tumor
1249 3669 1326 3728 etim

389 3763 427 3826 ab
447 3761 551 3824 hernia
564 3771 677 3830 omenti
697 3769 843 3852 inguinali
861 3769 1088 3851 distinguendus
1102 3777 1167 3843 eat,
1190 3789 1264 3830 nom
1279 3783 1326 3844 qv

392 3881 454 3928 ηοω
469 3883 570 3930 tarsa
589 3869 728 3950 practicis
747 3871 866 3938 levibus
884 3871 1063 3958 aut-ignaris
1083 3869 1237 3936 osmundi
1253 3867 1326 3932 scits
