2784 4856
382 351 451 428 156
475 355 547 426 CL.
563 355 622 424 Ν.
641 351 884 426 CACHEXIAE
901 353 959 424 ET
975 353 1232 444 CACQCHYM

377 497 512 598 dens,
537 509 580 578 et
603 492 809 608 paulatim
826 493 872 576 in
888 493 1107 607 ingentem
1134 496 1317 598 molem,

381 625 642 744 quandoque
671 625 725 711 ad
741 626 873 710 trium
891 625 1054 741 pedum
1081 627 1314 712 circumle-

379 759 562 844 rentiam
592 757 857 859 inerementi,
884 773 926 841 et
955 755 1016 842 sic
1045 758 1202 873 pedem
1227 755 1315 842 ele-

380 889 556 1002 phantis
571 886 786 974 aemulans.
808 887 979 972 Tumor
998 886 1225 996 indolens,
1244 887 1319 971 sed

322 1127 327 1138 Ι
381 1051 555 1108 cnesmo
582 1019 760 1106 molesto
780 1033 821 1103 et
845 1019 1144 1105 immobilitate
1159 1021 1320 1104 articu-

380 1151 589 1237 lationum
619 1152 811 1267 stipatus.
847 1151 948 1238 Pars
984 1150 1133 1236 affecta
1175 1152 1318 1266 primo

379 1283 520 1368 colore
535 1282 686 1384 rubro,
707 1281 809 1366 dein
828 1283 973 1396 nigro,
999 1284 1123 1368 venis
1144 1283 1319 1367 varico-

377 1417 458 1522 ais‚
478 1445 527 1502 ac
542 1415 657 1529 rugis
669 1480 684 1519 ,
708 1413 900 1520 fissuris,
929 1431 972 1501 et
993 1415 1118 1502 nodis
1147 1417 1194 1500 in
1220 1431 1318 1502 cute

378 1549 605 1656 distincta3
642 1547 815 1632 tandem
851 1549 1057 1636 ulceratio
1094 1547 1249 1636 foetida
1280 1565 1321 1634 et

377 1713 493 1768 mors
516 1681 669 1796 partis,
697 1681 757 1765 ita
789 1697 836 1766 ut
864 1681 985 1796 digiti
1012 1682 1177 1796 pedum
1206 1715 1319 1798 saepe

379 1832 529 1928 sponte
564 1814 654 1899 sine
690 1812 780 1898 ulle
801 1812 890 1899 sere
927 1815 1075 1900 delore
1103 1815 1317 1903 decidant

379 1945 565 2030 Morbus
587 1945 632 2028 in
648 1945 843 2059 AEgypto
870 1961 913 2030 et
942 1947 987 2030 in
1018 1947 1149 2032 variis
1179 1949 1319 2062 regio·

379 2076 506 2158 nibus
521 2105 640 2163 zonae
664 2075 835 2159 torridae
860 2074 1091 2191 frequens,
1127 2078 1320 2192 quando·

380 2235 463 2320 que
480 2237 579 2291 cum
597 2221 829 2291 sarcomate
847 2209 973 2292 scroti
987 2210 1182 2320 junctus,
1204 2209 1321 2296 chro-

380 2338 531 2441 nicus,
559 2370 649 2422 non
668 2369 764 2422 raro
787 2370 867 2452 per
891 2338 1067 2445 decem,
1099 2343 1257 2456 viginti
1276 2363 1316 2428 et

382 2469 524 2582 plnres
540 2500 674 2554 annos
691 2470 782 2554 sine
793 2470 874 2556 alia
888 2474 1078 2584 eorporis
1095 2473 1317 2560 affectione

380 2605 552 2689 durans.
571 2603 634 2712 (*)

422 2855 467 2936 (⁸)
488 2859 548 2918 Hic
570 2861 694 2920 morbus
707 2860 744 2919 ab
767 2859 971 2941 Elephantine
985 2879 1039 2924 aen
1054 2861 1206 2924 leontini
1221 2863 1316 2926 Groec.

381 2958 574 3020 essentialiter
584 2959 698 3034 dill'ert,
714 2959 796 3039 quod
808 2961 987 3041 pleramque
1004 2961 1106 3021 locati·
1121 2963 1178 3034 ait,
1195 2973 1317 3042 ,ete-pe

378 3057 500 3120 nonnisi
521 3077 618 3120 unum
630 3059 736 3137 pedem
751 3069 804 3118 aut
814 3079 938 3118 menum
952 3059 1079 3135 afficiat,
1102 3061 1135 3122 in
1151 3059 1317 3142 detergati-

379 3157 523 3216 aatienem
549 3155 641 3236 pant
658 3157 836 3236 completam
861 3157 981 3232 abiena,
1004 3157 1186 3238 quandoque
1209 3161 1316 3238 absquae

379 3257 441 3316 ulla
460 3256 615 3318 affectione
637 3266 798 3337 apparente
814 3259 981 3337 systematis
1001 3261 1135 3340 corpon'a
1154 3261 1315 3342 generem

379 3355 403 3413 ai
416 3375 488 3414 vere
498 3376 589 3436 aupra
598 3356 836 3418 lemureaeendit
849 3368 879 3418 et
888 3359 1026 3438 inguina,
1039 3381 1198 3436 mammae,
1209 3361 1315 3422 aliun

380 3457 514 3534 corpori·
539 3467 636 3535 partes
659 3459 771 3533 afficit,
791 3457 877 3520 brevi
901 3458 1019 3520 lethalia
1036 3459 1145 3522 evadit.

421 3554 533 3614 Arabes
556 3554 684 3614 eundem
706 3558 744 3616 nb
768 3556 972 3638 Elephantiaai
996 3559 1073 3620 bene
1104 3559 1312 3642 distinguunt,

381 3669 472 3728 qnam
489 3651 543 3710 aub
564 3653 688 3714 nomine
704 3655 876 3716 Dant-And
892 3657 1078 3735 (tentativis
1091 3657 1213 3738 cmc.)
1236 3659 1313 3720 deai-

381 3758 486 3832 gnant5
510 3748 582 3810 dum
606 3753 744 3814 morbum
766 3755 902 3835 pedem,
923 3755 960 3816 de
979 3777 1039 3837 quo
1060 3757 1110 3820 hic
1130 3778 1227 3822 nmo
1250 3767 1313 3834 ent,
