2782 4860
400 453 469 538 300
571 457 646 529 CL.
680 450 1153 534 V.MORB1TOP1C1.
1212 463 1217 472 '

447 639 482 709 V
482 660 614 712 Amr
626 663 699 736 pro
713 663 832 712 eausa
845 649 985 710 remora
999 665 1014 710 .·

397 823 427 864 a.
454 796 483 863 A
505 791 753 890 blepharitide
771 791 1331 869 seuinflammarioneaeuuvel

447 910 622 984 chronica
636 911 911 1012 palpebrarum.
952 941 959 950 ·
996 937 1001 952 ·

304 1051 307 1058 '
396 1034 429 1122 β
455 1029 738 1130 Alippitudiue.

397 1181 426 1245 y.
451 1157 479 1223 l
496 1148 654 1249 paralysi
669 1151 727 1224 vel
748 1177 768 1222 a
786 1151 1013 1250 discissione¹
1024 1151 1199 1228 levatoris-
1212 1153 1335 1256 palpe-

451 1269 525 1342 brae
550 1271 1009 1370 superioris.(Gr.rruer;).

403 1392 431 1461 i.
458 1389 516 1460 Ab
535 1393 705 1464 erosione
722 1405 789 1463 aut
806 1391 929 1463 ulcere
948 1391 1229 1492 palpebrarum.

399 1537 425 1581 e.
451 1520 478 1582 A
496 1513 738 1600 contusione,
752 1501 985 1600 eccbymosi,
1003 1525 1070 1584 aut
1084 1527 1334 1612 tumoreque

447 1652 611 1732 cunque,
627 1630 685 1702 vel
701 1632 944 1702 excrescentia
960 1630 1240 1730 palpebrarum.

397 1761 427 1834 ζ.
453 1751 482 1822 Α
499 1747 672 1822 ciliorum
690 1751 899 1822 inversione
919 1755 1094 1850 (Τριχίασις
1110 1754 1255 1836 Grac.)

398 1901 426 1950 η.
443 1867 500 1940 Ab
519 1865 1125 1968 bordeolo,phymate,phlyetaena
1138 1867 1332 1971 palpebra-

452 2013 551 2065 rum.

400 2111 434 2176 3.
457 2111 484 2176 Α
502 2120 670 2196 tumore,
687 2108 809 2182 ulcere
825 2162 835 2196 ,
851 2105 975 2180 fistula
988 2161 998 2192 ,
1012 2107 1266 2182 carkinomate
1279 2131 1335 2180 ‹n-

452 2222 619 2298 runculae
631 2227 849 2318 lacrymulis.

401 2377 420 2419 ι.
445 2345 504 2419 Ab
516 2346 771 2420 obstructione
785 2349 972 2423 ductuum
986 2348 1261 2444 lacrymalium.

450 2504 785 2604 Adlmblyopiam
803 2507 914 2577 etiarn
931 2509 1084 2606 proprie
1106 2503 1237 2579 referri
1256 2532 1338 2606 pos·

406 2637 519 2696 sunta
534 2649 538 2658 ·

455 2803 518 2900 Sp.
538 2802 571 2876 8.
597 2803 805 2922 Anaurorra'
831 2801 1122 2900 Crepusculuris.

452 2961 563 3040 Visus
580 2959 745 3034 difficilis
765 2976 831 3034 aut
842 2957 1020 3036 confusus
1037 2961 1079 3032 in
1096 2960 1337 3059 crepuseulo,

403 3095 468 3156 aut
478 3080 561 3159 luce
576 3081 692 3172 ¹debili
705 3109 713 3151 :
727 3083 812 3180 aegri
830 3079 974 3178 objecta
989 3087 1030 3176 in
1044 3078 1209 3152 tenebris
1224 3080 1341 3168 male,

405 3218 441 3274 et
457 3180 610 3276 nonnisi
630 3202 677 3276 de
698 3203 759 3275 die
775 3217 842 3274 aut
865 3201 948 3274 luce
963 3200 1075 3300 plena
1095 3198 1192 3274 bene
1209 3199 1341 3274 distin·

406 3337 540 3418 guune

404 3465 486 3532 Srrr.
505 3458 760 3558 Hemeralopia
786 3459 924 3547 (Graec.
944 3445 1163 3556 liupana«,
1185 3457 1235 3530 ab
1252 3467 1343 3558 ἡμὲρι

561 3578 639 3649 dies
652 3632 662 3666 ,
675 3593 712 3649 et
734 3583 799 3671 ὄψις
817 3579 942 3664 visus)
961 3603 968 3646 :
986 3578 1096 3648 Visus
1109 3577 1286 3648 diurnus.

508 3695 721 3794 Nyctalnpia
739 3699 1022 3771 Modernorum.

506 3819 668 3916 Dysopia
686 3814 936 3892 tenebrarum.
957 3817 1098 3896 Callen-
1183 3821 1187 3829 '
