2810 4860
360 423 432 496 216
457 427 525 497 CL.
542 429 602 496 IV.
622 421 862 496 CACHEXIAE
876 423 934 492 ET
951 419 1222 497 CACOCHYM.

359 621 401 690 G.
429 623 592 693 cchss.
704 621 889 692 Psout.

407 741 470 809 Gr.
488 749 600 839 Ψώρα,
617 738 761 810 Scabies
772 740 1032 810 Recentiorum
1045 739 1104 838 (*).

414 918 601 1005 Pustulae
622 949 789 1004 summe
806 919 1071 1032 prurientes,
1098 917 1151 1002 ad
1168 917 1300 1002 basin
1396 913 1397 976 l

358 1052 632 1138 inflammatae
653 1067 694 1136 et
718 1068 1028 1166 suppuruntes‚
1061 1049 1299 1164 scalpendo

357 1183 1299 1299 ruptae,etpureeffusoincrustasabeuntes3

358 1321 481 1406 initio
497 1317 784 1432 utplurimum
802 1316 1024 1400 interstitia
1042 1313 1299 1426 digitorum,

359 1454 459 1538 dein
478 1483 650 1566 carpos,
667 1447 856 1554 cubitos,
874 1465 915 1533 et
929 1478 1066 1564 genua
1088 1447 1302 1534 infestan-

358 1604 437 1688 tes,
459 1583 717 1698 tandemque
735 1563 917 1669 subinde
948 1595 1086 1666 totum
1113 1612 1299 1694 corpus,
1396 1639 1397 1646 κ

354 1716 462 1804 facie
484 1717 571 1802 sola
593 1731 796 1830 excepta,
816 1728 1084 1830 occupantes.
1104 1711 1300 1798 Morbus

355 1851 543 1937 maxime
583 1851 761 1964 pneris,
793 1847 868 1934 scd
903 1878 989 1932 non
1024 1878 1121 1932 raro
1160 1849 1300 1934 etiam

228 2045 232 2053 Δ
357 1983 533 2086 adultis,
562 1981 764 2095 squalidis
785 1980 990 2084 infestus,
1014 2013 1093 2092 per
1121 1996 1303 2066 contac-

354 2131 447 2198 tum
470 2113 786 2215 immediatum,
809 2130 884 2196 ant
901 2141 979 2223 per
1001 2109 1193 2213 lectum,
1217 2112 1300 2196 vel

354 2275 433 2356 per
455 2259 595 2328 vestes
629 2242 771 2326 laneas
795 2258 836 2327 ct
860 2243 1111 2356 gossypinas
1139 2257 1299 2328 conta-

353 2379 493 2490 giosus
514 2373 613 2480 (**).

391 2634 438 2717 (¹¹)
458 2635 540 2696 Huic
556 2636 679 2708 morbo,
705 2637 758 2715 qui
772 2634 986 2709 essentialiter,
1002 2647 1037 2695 nt
1060 2657 1097 2696 ex
1118 2636 1295 2696 charactere

352 2737 422 2795 dato
432 2744 525 2815 patet,
540 2736 689 2815 spaoriasi
702 2735 815 2810 differt,
829 2756 940 2796 nomen
952 2736 1045 2816 psoris
1058 2735 1147 2796 hodie
1162 2757 1296 2816 genen-

350 2837 421 2895 liter
434 2830 607 2914 adoptatum
621 2834 805 2894 conservavi.
817 2835 868 2894 An
879 2835 928 2894 hie
941 2836 1064 2895 morbos
1075 2835 1230 2895 veteribus
1241 2857 1300 2896 co-

351 2935 452 3017 gnitus
479 2935 585 3007 suerit,
607 2936 727 3010 dubito;
749 2935 851 2996 saltem
874 2936 956 3016 signa
974 2937 1039 3014 ejus
1052 2936 1298 2997 ctmcterintca

350 3037 459 3096 nullibi
477 3035 554 3115 apud
569 3035 689 3094 Graecos
703 3045 755 3094 aut
770 3035 894 3096 Latinos
910 3035 1036 3114 reperio.
1070 3037 1074 3044 '

389 3135 459 3214 θ’)
472 3135 599 3195 Morbus
610 3133 660 3194 hic
669 3136 706 3193 ab
717 3136 830 3195 inserto
841 3135 983 3214 peculiari
992 3136 1065 3194 oriri
1078 3135 1217 3211 videtum
1228 3157 1297 3201 non

350 3255 388 3296 cx
399 3235 542 3294 varietate
554 3237 644 3294 Arari
656 3235 760 3296 sarius
770 3237 817 3293 vet
827 3235 901 3296 casei
911 3279 921 3308 ,
932 3245 967 3297 nt
979 3235 1129 3297 Lrnnans
1139 3237 1295 3313 credidi23

350 3335 400 3393 sed
416 3345 450 3394 ut
465 3339 621 3398 Fruamur
634 3355 672 3394 ex
682 3335 819 3414 sutopsis
831 3335 1020 3410 observarit,
1035 3335 1072 3396 sb
1088 3336 1179 3402 Acori
1192 3339 1297 3416 specie

351 3453 444 3506 nova,
459 3435 555 3492 multo
568 3431 677 3494 minori
691 3443 720 3491 rt
731 3453 816 3492 scaro
827 3434 1011 3494 exulcersuti
1028 3437 1070 3506 L„
1077 3435 1166 3493 simili
1178 3438 1296 3498 oritur.

350 3534 501 3592 inuectum
513 3541 612 3591 sutem
625 3553 780 3610 nunqnam
791 3534 823 3591 in
834 3533 954 3612 pustula
964 3531 1037 3614 ipss,
1049 3533 1098 3592 sed
1110 3534 1142 3592 in
1152 3553 1227 3614 rog·
1239 3557 1296 3596 seu

349 3629 427 3690 ritus
436 3631 560 3710 parvula
572 3631 821 3712 propepnstulsm
833 3629 997 3705 nidnlstnr,
1007 3631 1297 3695 scolacilecximon·

346 3727 419 3786 dum
433 3751 441 3798 ς
461 3726 511 3785 scd
523 3747 580 3786 ovs
593 3729 626 3787 in
638 3729 757 3806 pustula
768 3729 831 3808 ipss
842 3728 975 3808 deposita
985 3739 1077 3804 sont,
1098 3749 1166 3808 qno
1178 3749 1297 3808 quon·

345 3825 397 3886 dtu
410 3825 451 3886 ibi
463 3825 570 3906 jacent,
581 3829 866 3908 utcorpussliennm
877 3833 1026 3898 constanti
1038 3829 1295 3898 mnutoinsssu·
