2782 4860
268 407 311 477 o.
337 409 382 477 x.
415 409 755 480 uusosroses.
899 434 965 508 ψ

58 575 970 608 *mmmmm

122 706 542 768 ousunva'nottus
585 707 915 768 GENERALES.

423 879 610 900 m

62 973 195 1104 Ossa
216 1025 416 1100 hominurn
439 1049 481 1100 ac
498 1025 740 1113 animalium,
768 1043 812 1100 ut
837 1053 975 1130 snpra,

61 1140 116 1214 ubi
128 1143 175 1215 de
188 1143 377 1216 Cachexiis
393 1145 433 1215 in
453 1169 586 1244 genere
611 1170 731 1220 sermo
752 1164 849 1238 erat,
874 1165 977 1224 nota·

62 1266 183 1355 timus,
192 1279 324 1364 praeter
331 1265 599 1364 pinguedinem
621 1290 685 1338 seu
700 1267 825 1340 oleum
840 1267 977 1362 fixum,

60 1367 219 1484 magnam
233 1387 478 1484 quantitatem
493 1383 658 1486 gelatipae
671 1387 884 1478 continent,
897 1416 980 1488 quae

60 1509 216 1578 coctione
235 1531 366 1579 eorum
390 1510 429 1577 in
454 1530 551 1604 aqua
573 1506 789 1597 obtinetur,
808 1523 845 1580 et
868 1510 980 1608 vulgo

60 1625 123 1698 sub
146 1629 300 1700 nomine
317 1628 481 1702 Glutinis
500 1628 540 1698 in
566 1629 789 1724 commercio
810 1632 983 1704 occurrit.

61 1745 200 1816 Ossium
230 1743 435 1816 substantia
465 1745 505 1815 in
534 1743 689 1815 homine
726 1769 796 1842 pro
825 1748 984 1818 maxima

60 1878 157 1960 parte
174 1877 317 1936 constat
330 1859 538 1961 phosphate
552 1859 681 1950 calcis,
699 1861 887 1960 simulque
899 1890 985 1962 por·
1059 1909 1068 1922 ·

60 1983 156 2054 tione
175 1981 382 2058 carbonatis
404 1979 536 2068 calcis,
561 2003 640 2056 ossa
660 1980 819 2057 aliorum
849 1985 985 2058 anima·

60 2098 149 2174 lium
174 2116 352 2200 praeterea
371 2101 481 2174 etiam
515 2102 727 2200 portionem
767 2103 986 2204 phosphatis

61 2223 247 2322 magnesiae
271 2221 376 2319 juxta
413 2222 665 2321 experimenta
697 2227 913 2308 Vauounun
950 2242 986 2298 et
1075 2223 1078 2230 ’

59 2343 249 2416 Founcnor
270 2343 476 2414 continent.
495 2381 550 2397 -
572 2345 659 2413 Ossa
687 2343 918 2442 pinguedine
951 2359 988 2416 et

60 2461 217 2558 gelatina
232 2461 447 2535 decoctione
466 2463 506 2533 in
525 2485 620 2561 aqua
632 2465 793 2562 privata,
809 2463 897 2538 dein
915 2490 989 2539 me·

60 2578 185 2654 diante
206 2579 412 2679 digestione
437 2603 524 2652 curn
550 2580 689 2671 acidis,
715 2581 921 2682 phosphate
949 2609 992 2656 ac

62 2691 257 2775 carbonate
271 2699 379 2774 calcis
394 2715 575 2792 extracto,
592 2700 815 2800 relinquunt
827 2701 994 2775 substan·

61 2823 148 2893 tiam
172 2819 317 2908 albam,
345 2817 518 2911 mollem,
551 2809 760 2910 elastieam,
788 2821 994 2921 cartilagini

62 2938 259 3028 aemulam,
277 2963 382 3038 quae,
400 2940 506 3035 juxta
522 2943 714 3015 Herennia
728 2994 737 3028 ,
753 2941 996 3039 proprietates

60 3057 270 3132 albuminis
291 3057 480 3156 possidet,
506 3082 547 3130 ao
568 3060 684 3130 instar
697 3057 901 3131 albuminis
918 3084 998 3131 ooa-

62 3179 209 3278 gulati,
234 3202 320 3250 cum
337 3175 514 3249 alcalibus
537 3199 714 3275 saponem
734 3177 878 3250 format.
894 3181 944 3248 Os
956 3202 1000 3250 ex

61 3297 308 3396 cartilagine,
326 3298 449 3394 primo
471 3296 561 3368 oriri
590 3295 756 3384 videtur,
791 3293 892 3366 unde
920 3295 1000 3392 ejus

63 3415 247 3490 mollities
262 3441 272 3505 ;
290 3415 424 3487 deinde
442 3414 636 3487 accedente
650 3411 858 3512 phosphate
873 3429 910 3486 et
926 3439 1002 3488 car·

62 3531 209 3607 bonae
232 3533 340 3605 calcis
364 3534 547 3623 durities,
571 3547 608 3605 et
628 3531 781 3603 demum
808 3533 1002 3606 accedente

62 3655 233 3752 gelatina
247 3669 284 3727 et
296 3653 525 3753 pinguedine
538 3651 727 3743 flexilitas;
748 3677 834 3724 narn
851 3655 930 3724 sine
943 3652 1002 3724 his

64 3774 343 3874 posterioribus
359 3798 438 3849 ossa
454 3773 595 3873 fragilia
613 3787 713 3848 sunt.
