2756 4850
389 437 462 527 'ros
570 437 641 507 eu.
676 433 721 504 v.
755 429 921 502 norun
951 379 1153 502 rorrcr.

390 577 582 696 partibus
596 573 753 662 vicinis
769 568 953 658 firmiter
965 565 1318 682 adhaercns3cutis

391 711 521 799 rubra
529 775 544 830 2
562 734 904 823 purpurasceua,
918 701 1053 814 livida
1068 769 1083 810 ‚
1101 735 1235 790 venae
1250 721 1321 788 tur

391 858 538 956 gentes
548 907 562 946 ,
591 856 634 924 et
653 835 837 923 sensatim
855 832 1006 920 caloris
1023 835 1191 921 interni
1210 867 1225 945 3
1242 851 1321 920 tau·

392 977 493 1062 dem
508 989 654 1060 tumor
666 970 712 1054 in
728 983 874 1055 oent'ro
886 997 977 1052 sese
989 965 1187 1074 elevans,
1205 981 1248 1053 et
1259 967 1324 1080 epi·

393 1105 586 1216 dermide
607 1119 735 1219 rupta
752 1100 1019 1188 tramsudatio
1044 1097 1253 1188 humoris
1274 1116 1323 1184 te·

391 1241 490 1328 uuis
495 1304 511 1343 ,
528 1237 634 1324 acris
651 1304 664 1345 ‚
685 1233 826 1320 foetidi
837 1301 851 1341 ‚
870 1235 1018 1321 vicima
1039 1235 1322 1336 corrodentis,

392 1405 503 1488 saepe
531 1371 837 1456 excrescentias
872 1367 1075 1483 fungosae
1102 1369 1320 1476 formans3

394 1504 651 1624 quandoque
664 1505 710 1588 in
722 1501 990 1617 profundum
1002 1533 1202 1616 serpens,
1218 1519 1321 1587 tunc·

387 1666 477 1754 'que
508 1639 617 1724 labia
647 1637 802 1722 ulceris
831 1635 1089 1748 inaequalia,
1130 1637 1318 1736 tumida,

394 1771 571 1877 callosa,
608 1767 902 1856 retorrida.-
917 1767 1103 1854 Morbus
1134 1769 1317 1854 maxime

393 1935 601 1990 mammas
625 1918 666 1986 et
681 1917 853 1988 uterum
867 1901 913 1986 in
930 1901 1136 2011 loeminis3
1161 1903 1319 1988 labrum

395 2038 479 2121 oris
498 2036 702 2140 inferius,
722 2033 940 2148 linguam,
959 2033 1032 2120 vel
1052 2065 1239 2138 nusum,
1261 2051 1321 2119 aut

394 2167 636 2254 testiculum
650 2169 694 2251 iu
710 2168 836 2271 viris,
858 2165 1081 2276 infestans,
1102 2199 1319 2283 nunquam

393 2315 490 2384 ante
507 2315 675 2410 tempus
691 2299 945 2414 pubertatis,
964 2298 1039 2386 sed
1054 2301 1319 2414 potissimum
1350 2331 1351 2384 ῖ

392 2429 633 2514 declinante
657 2446 777 2515 aetate
807 2431 1048 2538 invadens,
1082 2431 1320 2545 desorgani·

392 2563 597 2646 sationem
615 2579 657 2648 et
674 2564 1007 2650 destructionem
1020 2567 1151 2680 partis
1169 2567 1317 2652 allecte

391 2695 599 2779 inducens
622 2695 704 2798 (Ἴ,
733 2727 781 2782 ac
801 2695 890 2782 fere
911 2729 1083 2812 semper
1106 2701 1238 2786 citius
1258 2697 1314 2786 vel

389 2824 549 2918 tardius
571 2827 617 2912 in
641 2825 888 2914 carlinoma
912 2829 1058 2914 abiens
1073 2833 1171 2936 (**).

428 3115 488 3194 (⁸)
508 3115 627 3176 Skimhi
641 3133 840 3178 mammarum
851 3115 982 3176 dolentes
998 3119 1109 3180 exsecti
1125 3120 1310 3180 cubantium

389 3215 512 3290 duram,
538 3215 728 3278 consistentia
750 3227 780 3278 et
799 3215 899 3275 colore
920 3219 1125 3298 cartilaginem
1152 3223 1311 3280 molliorem

388 3315 541 3390 mutulam,
559 3315 772 3394 homogeueaur
792 3305 961 3392 exhibent,
983 3319 1048 3378 siue
1070 3319 1134 3377 ulla
1159 3327 1311 3401 apparente

388 3413 732 3493 organisationerelictn.
751 3417 858 3476 Sacra..

427 3509 515 3586 (⁴⁸)
536 3511 688 3572 Glaudula
711 3513 863 3584 skirrbora
882 3535 951 3574 reru
969 3533 1026 3594 per
1046 3515 1141 3576 vitam
1159 3515 1198 3576 iu
1220 3515 1308 3576 edan

387 3617 466 3666 statu
478 3621 595 3684 manet,
619 3613 755 3692 sedsaepe
767 3611 832 3674 siue
846 3613 908 3674 ulla
921 3631 1008 3672 causa
1019 3623 1182 3692 apparente
1203 3616 1237 3676 iu
1258 3631 1310 3672 ear·

387 3707 510 3768 kinerna
531 3713 603 3770 ubit.
630 3715 817 3791 Frequenter
844 3735 882 3774 ex
907 3712 1108 3792 applicatione
1131 3715 1248 3775 acrium
1267 3711 1308 3770 sti·

385 3805 566 3868 mutantium
584 3821 636 3870 aut
650 3833 686 3872 ex
700 3811 1031 3894 aniruipathematibus
1052 3811 1187 3876 tristibus
1196 3857 1208 3892 ,
1223 3813 1267 3878 vel
1277 3827 1305 3870 ex
