2810 4860
629 183 637 222 i

338 371 381 438 o.
411 369 482 440 vr.
520 367 843 442 uaecosnsr·
969 372 1038 474 19³

23 550 24 568 ,
104 505 299 582 meua
327 529 543 594 verrucosa,
570 521 608 580 et
633 509 819 609 precipue
844 532 868 584 a
892 524 1041 590 tumore

22 581 25 696 l
101 625 285 698 labiorum
323 626 580 728 lymphatico,
612 626 775 720 kyrtioo,
812 631 1041 731 vesiculoeo,
1136 679 1142 686 ·

101 743 235 838 livido,
267 745 467 819 humorem
502 750 688 820 viscosum
726 753 966 845 continente,
1003 769 1042 830 et

101 863 313 937 ocrkinoma
324 889 418 964 saepe
432 861 650 956 aemulante,
669 891 747 939 non
770 891 853 940 raro
870 891 892 940 a
908 886 1041 944 contu·

100 981 203 1053 aione
217 995 283 1054 aut
294 979 341 1057 ab
352 981 491 1082 angulo
504 981 628 1057 dentis
637 999 747 1060 acuto
761 985 945 1080 oriundo,
970 987 1042 1070 tol-

100 1101 197 1176 licite
213 1101 522 1205 distinguendum
543 1119 608 1179 eat.

95 1265 138 1358 Y.
167 1265 393 1340 Gorkinoma
409 1269 506 1337 narei.
551 1239 555 1260 Ι

145 1421 288 1515 Ulcus,
312 1447 358 1496 ex
371 1420 518 1498 skimlro
530 1418 714 1522 glandule
735 1421 929 1524 cujusdam
955 1434 1037 1507 nasi

98 1567 295 1644 pmgreaao
313 1555 462 1634 ortum,
489 1543 654 1634 durum,
685 1544 833 1638 dolena,
863 1572 1037 1649 serpena,

96 1663 413 1764 symptomatibue
429 1662 692 1738 carlinomatie
711 1669 916 1765 stipatum,
937 1687 974 1746 et
994 1673 1035 1746 in

94 1781 311 1856 mheuntiae
318 1781 646 1882 degenerationem
663 1783 813 1876 abiena3
835 1785 882 1857 ab
900 1787 1036 1875 ulceri,-

93 1903 166 1978 bue
177 1901 1037 2004 ervitiosypntliricoacrotuloeuleprosoele·

93 2023 373 2122 phrntiecoetc
387 2025 502 2114 artie,
512 2021 674 2098 ¹sollicite
691 2022 1026 2122 distinguendum·

91 2185 153 2256 vl.
183 2179 409 2258 &trimme
420 2184 558 2278 faciei.

142 2341 263 2416 Ulcus
275 2394 286 2431 ,
300 2367 345 2414 ex
360 2339 505 2413 slirrho
521 2337 706 2438 glandulae
719 2335 915 2434 cujusdam
927 2321 1035 2416 faciei

91 2486 293 2562 praegresso
308 2473 452 2549 ortum,
472 2455 786 2555 symptomatibus
805 2457 1033 2534 carkinoma·

91 2583 138 2652 tis
157 2581 363 2677 stipatum,
382 2573 468 2650 cum
483 2574 682 2676 phymat'e',
699 2573 945 2669 atheromata,
959 2603 1033 2652 aar·

91 2713 260 2788 comate,
280 2721 433 2769 verruca
452 2693 657 2769 exulcerata
684 2709 752 2769 etc.
776 2719 854 2768 non
873 2694 1033 2770 consun-

89 2817 275 2892 cendum.
297 2819 425 2889 ·-'An
456 2807 563 2890 ulou'a
584 2833 735 2916 serpens
759 2837 803 2888 ex
834 2815 1033 2890 tuberculo

88 2925 309 3038 purpureo,
322 2937 379 3007 vel
396 2961 440 3008 ex
454 2959 606 3011 verruca
621 2934 725 3007 faciei
741 2936 892 3008 irritatis
903 2949 1032 3008 ortum

87 3057 134 3132 ad
152 3055 370 3130 mrkinoma
379 3113 390 3146 ‚
406 3081 454 3129 an
473 3059 600 3155 potuis
617 3057 664 3128 ad
677 3055 894 3146 cacoethen,
911 3055 969 3128 rel
984 3055 1032 3128 ad

88 3176 201 3250 ulcus
230 3175 536 3273 phagedaenicum
562 3177 764 3274 pertineat,
790 3173 1031 3274 peritioribus

88 3295 380 3394 dijudicandum
395 3295 582 3396 relinquo.

87 3459 172 3530 Vll.
203 3457 429 3533 certium
450 3459 714 3532 testiculorum.

135 3621 258 3698 Ulcus
283 3646 458 3722 serpena,
479 3649 524 3696 ex
546 3619 693 3695 skirrho
708 3615 892 3720 glandule
912 3641 1031 3720 prope

88 3765 177 3818 vasa
191 3745 411 3844 aper-metica
433 3741 596 3822 testiculi
622 3756 777 3838 ortum,
802 3738 1033 3842 quandoque

221 3887 256 3935 2.
559 3865 565 3872 “
876 3860 915 3934 Μ
