2808 4862
335 355 377 426 0.
401 355 430 426 t.
451 353 812 429 DYscttYMImr
984 347 1031 438 55

140 610 194 680 Ν.
210 583 260 680 1'3.
271 609 468 702 Dyscholia
476 633 568 710 saepe
578 633 666 683 cum
680 605 890 710 polycholia
899 608 1030 704 juncta

103 728 278 802 occurrit.
659 737 662 751 '

147 933 211 1062 ss
244 988 276 1042 r.
301 963 651 1062 uynhotiaspma.

147 1195 357 1293 spissitudo
370 1197 454 1270 bilis
470 1197 679 1285 abnormis,
699 1221 719 1268 a
734 1195 879 1268 defectu
896 1220 1033 1294 aquae,

103 1329 165 1386 aut
187 1339 335 1389 excessu
361 1320 488 1390 resine
507 1331 544 1390 et
565 1315 793 1400 summissis,
813 1340 882 1388 aco
905 1337 985 1388 non
1008 1340 1032 1388 a

101 1460 204 1510 mora
221 1437 303 1532 ejus
320 1437 496 1512 diuturna
520 1439 560 1512 in
579 1437 737 1509 vesicula
753 1434 856 1507 fellea
872 1435 1030 1534 pendet3

99 1553 202 1628 unde
220 1559 261 1631 in
280 1557 419 1636 morbis
429 1583 519 1658 saepe
531 1559 625 1658 picis
636 1555 744 1632 fusore
760 1572 825 1630 aut
842 1570 929 1632 atrae
941 1581 1032 1628 con·

100 1675 307 1750 sistentiam
318 1675 565 1778 acquirit,vel
576 1679 684 1748 etiam
698 1679 737 1747 in
747 1673 907 1748 calculos
916 1675 1033 1748 duros

101 1797 315 1870 succrescit.
339 1797 426 1876 Bilis
450 1795 491 1872 in
524 1795 654 1906 hepate
673 1795 817 1868 haerens
851 1792 1036 1867 infarctus

101 1911 219 2010 hujus
240 1915 387 1988 visceris
409 1913 546 2002 duros,
582 1927 618 1989 et
640 1915 680 1984 in
712 1917 867 1990 massam
885 1914 1031 2010 sangui·

102 2029 162 2100 nis
179 2027 298 2104 delata
318 2033 476 2108 icterum
491 2044 615 2106 causat
638 2059 646 2100 :
665 2033 716 2100 Ex
728 2029 847 2108 ductu
865 2029 1037 2112 choledo-

103 2146 192 2236 cho,
207 2147 283 2226 bilc
292 2150 455 2254 spissiori
469 2164 534 2226 aut
549 2145 699 2225 calculis
711 2147 853 2230 biliosis
862 2147 1033 2230 obstruc-

104 2279 162 2354 to,
184 2269 308 2342 oritur
334 2265 419 2345 bilis
443 2268 604 2343 detectus
622 2271 663 2340 in
689 2267 890 2357 duodeno,
924 2285 960 2344 et
986 2297 1033 2344 ex

105 2382 176 2456 hoc
187 2383 336 2458 defectu
350 2387 496 2460 aciditas
513 2391 551 2465 in
570 2390 702 2491 primis
717 2390 786 2460 viis
797 2385 1035 2498 ,dyspepsia,.

106 2517 229 2576 motus
244 2504 459 2604 peristaltici
472 2506 629 2604 languor
645 2505 700 2578 vel
718 2503 901 2596 deiectum
930 2505 1036 2588 unde-

108 2619 308 2716 dysooitia,
333 2622 432 2704 faeees
451 2627 626 2716 cinereae,
649 2622 737 2698 albe
750 2679 759 2713 ,
771 2617 907 2713 durae,
940 2625 1033 2697 odor

109 2735 236 2814 lacum
262 2767 356 2844 saepc
369 2745 563 2842 putridum
584 2745 736 2846 spirans
754 2747 807 2813 Ex
826 2739 974 2822 calculis
993 2743 1032 2812 in

109 2855 221 2934 ductu
250 2860 479 2942 choledocho
505 2864 675 2964 impactis
699 2887 791 2959 saepe
819 2858 962 2934 dolores
997 2874 1037 2931 et·

108 2977 243 3070 spasmi
272 2979 548 3070 violentissimi,
575 2977 807 3070 ischocoilia,
832 2979 967 3052 icterus
996 2991 1033 3049 ct

109 3095 284 3184 tandem,
300 3099 431 3176 morbo
444 3103 573 3200 sepius
585 3099 784 3188 redeunte,
797 3095 964 3196 atrophia
977 3121 1039 3194 ge*

110 3213 255 3288 nentis
284 3217 372 3290 Bilis
399 3221 438 3293 in
468 3221 579 3292 ictcro
602 3244 723 3291 massae
752 3217 942 3318 sanguinis
974 3218 1034 3290 ad·

109 3335 224 3408 mixta
249 3361 319 3437 per
343 3341 468 3412 omnia
489 3363 569 3412 vasa
595 3339 787 3410 secretoria
812 3339 1043 3428 secernitum,

109 3453 262 3526 urinam
289 3479 418 3530 cmceo
448 3457 567 3533 colore
588 3459 719 3558 tingit,
748 3471 869 3527 cutem
895 3453 1034 3528 luteam

112 3569 234 3642 reddit
256 3626 269 3659 ‚
295 3574 512 3653 succedente
531 3600 680 3648 cnesmo
701 3599 846 3646 summe
872 3575 1036 3650 molesto.

110 3683 199 3765 tide
213 3687 314 3764 intra
328 3693 469 3768 Ieterus
476 3749 497 3786 ,‚
506 3709 542 3766 et
556 3697 840 3772 Cdolelitlriosis.
