2808 4862
343 399 392 496 oi
411 427 438 495 1.
467 421 815 494 orscururn.
919 439 924 448 ·
985 415 1030 490 ea

90 701 130 770 e.
156 702 304 772 ocvr.
407 671 748 774 nrsrrorri.

139 898 203 966 Gr.
219 903 409 986 Δυσπιονία,
425 901 528 987 edite,
541 899 682 986 vitiose,
697 912 734 967 et
751 904 838 984 πῖον,
853 895 1004 994 pinguis
1020 925 1029 973 t
1125 986 1131 998 ι

89 1038 283 1134 Dyscrasia
300 1037 560 1140 pinguedinis.

144 1271 300 1389 Adeps
334 1304 411 1358 seu
444 1273 596 1357 sebum
629 1274 815 1387 corporis
851 1261 1030 1361 humani

91 1405 400 1518 spissitudine,
436 1405 667 1509 tenuitate,
700 1403 773 1494 vel*
800 1392 1034 1497 acrimonia

88 1564 297 1648 peccans,
506 1559 509 1567 ’

135 1763 282 1838 Oleum
303 1767 449 1862 pingue
464 1765 505 1836 in
531 1764 641 1837 teiam·
656 1763 866 1837 cellulosam
880 1767 1032 1866 depost-²·

89 1899 201 1976 tum,
237 1883 426 1982 gradatim
456 1885 694 1983 inspissatum
722 1884 866 1982 adipem
897 1890 1031 1960 conati·

90 2005 182 2076 tuit.
199 2006 276 2075 Hic
296 2003 412 2101 adeps
426 2005 466 2074 in
485 2002 613 2075 sebum
627 2027 733 2100 aequo
743 2003 875 2077 durius
891 2005 1034 2098 abiens,

90 2147 186 2222 saepe
206 2127 253 2194 in
278 2137 436 2195 omento
454 2146 496 2193 ac
514 2123 554 2193 iu
575 2121 779 2220 panniculo
801 2125 952 2224 adiposo
970 2153 1033 2201 cun

89 2255 224 2330 tanco,
253 2240 539 2329 indurationes,
561 2255 792 2327 steatomata,
819 2243 1033 2336 tubercula,

89 2357 211 2449 mole,
227 2357 373 2446 forma,
397 2356 554 2446 duritie,
574 2357 852 2454 degeneratione
865 2361 1031 2436 multum

88 2477 253 2568 diversa,
269 2475 422 2549 format.
434 2475 558 2573 Adeps
568 2477 607 2546 in
618 2477 836 2548 omentorel
853 2480 1032 2554 iutunica

92 2595 271 2668 cellulosa
284 2592 466 2666 collectus
481 2616 574 2689 saepe
586 2595 624 2663 vi
640 2595 737 2682 vitae,
763 2596 940 2668 exercitiis
956 2599 1033 2671 vio·

91 2719 214 2808 lentis,
229 2745 408 2808 moerore,
424 2719 536 2807 curis,
547 2717 700 2818 aliisque
712 2720 829 2790 animi
840 2699 1032 2796 affectibus

94 2841 291 2928 tristibus,
335 2852 403 2909 aut
442 2837 650 2918 acrimonia
683 2840 781 2914 varia
821 2844 1032 2939 sanguinis,
1115 2847 1131 2860 “

93 2956 221 3028 aliisve
237 2958 365 3028 causis
372 3011 384 3044 ,
397 2954 574 3043 solvitur,
588 2969 801 3028 attenuatur
810 2973 871 3048 ,et
882 2959 1032 3064 absorp-

94 3089 153 3146 tus
174 3101 248 3174 per
267 3075 443 3162 urinam,
464 3073 658 3161 sudorem,
680 3072 803 3145 alvum
820 3077 916 3165 ruit,
932 3092 976 3147 ut
992 3077 1031 3146 in

93 3195 260 3286 pyrexiis
273 3246 283 3280 ,
297 3194 466 3289 syntexi,
480 3215 670 3281 marasmo,
683 3193 854 3263 scorbuto
864 3193 1031 3288 quotidie
1129 3267 1136 3294 N
1190 3231 1194 3238 ·

94 3309 353 3384 observamus.
381 3311 517 3383 Oleum
531 3313 670 3408 pingue
685 3312 908 3410 quandoque
921 3315 1036 3388 etiam

95 3435 347 3530 corruptione
369 3429 443 3500 sibi
461 3419 656 3528 peculiari,
679 3455 867 3503 rancorem
886 3435 1034 3527 induit,

94 3551 304 3622 acrimonia
322 3573 392 3620 sua
413 3547 626 3637 rodentem,
652 3565 840 3640 urentem,
867 3555 1038 3656 ipsisque·

94 3669 200 3740 etiam
221 3667 379 3741 ossibus
397 3668 531 3739 cariem
550 3663 778 3738 inferentem.
807 3669 927 3770 Adeps
942 3699 1033 3772 quo-

96 3806 165 3878 que
179 3813 264 3860 non
280 3809 371 3857 raro
388 3783 429 3858 in
444 3799 528 3862 cute
552 3798 735 3856 tumorem
751 3786 906 3857 inertem
922 3843 931 3880 ‚
954 3816 1041 3872 nonx

836 3905 928 3984 D3.
