2886 4862
175 499 183 510 .
301 457 342 526 Ο.
369 454 434 521 ΙΧ.
461 451 766 522 LITHIASES.
935 451 1004 526 253

92 589 374 710 (quandoque
392 589 598 701 juniores,
619 589 754 672 rarius
772 585 1010 693 eunuchos,

96 759 144 812 ac
183 725 403 824 foeminas,
440 720 523 804 nisi
565 719 676 802 male
708 735 1010 824 menstruatas,

98 873 170 941 aut
187 855 298 938 laute
313 854 532 953 viventes)
548 849 755 934 invadens
775 849 920 934 dolore
948 849 1013 932 fe-

99 987 203 1088 roci,
217 985 383 1068 tumore
395 982 604 1072 etrubore
618 981 671 1065 ad
684 979 881 1094 pollicem
899 977 1015 1091 pedis

99 1115 170 1202 vel
215 1115 269 1200 ad
299 1114 577 1220 calcaneum3
629 1112 882 1225 plerumque
917 1141 1018 1196 cum

99 1248 225 1363 pulsu
245 1245 496 1361 frequente,
526 1243 680 1358 pleno,
702 1243 814 1346 forti,
841 1259 882 1327 et
898 1243 1021 1328 urina
1076 1271 1083 1285 ¹

102 1383 263 1465 intense
281 1377 423 1480 rubra,
434 1407 571 1490 parca,
584 1376 867 1462 sedimeutum
877 1375 1023 1460 album

104 1513 176 1599 vel
207 1511 326 1596 rubri
361 1510 471 1594 rosei
503 1508 654 1592 coloris
688 1510 907 1622 copiosum
947 1509 1023 1592 de-

103 1657 301 1758 ponente.
330 1642 386 1748 (*)
419 1639 601 1726 Morbus
631 1641 836 1754 gradatim
869 1671 1026 1752 paucos

107 1791 204 1892 post
220 1774 309 1860 dies
334 1788 482 1886 sponte
512 1770 680 1874 abiens,
715 1801 958 1884 aegrumque
977 1772 1029 1854 li·

105 1905 262 1991 berum
281 1901 551 2016 relinquens3
580 1900 654 1984 sed
677 1931 755 2014 per
780 1901 1026 2006 intervalla,
1100 1923 1106 1930 ’

119 2033 389 2148 potissimum
404 2061 509 2118 vere
524 2047 566 2116 et
581 2047 786 2116 autumno
796 2049 1030 2137 revertens,

109 2161 398 2275 praeeuntibus
415 2161 715 2273 utplurimum,
731 2161 800 2248 die
820 2193 906 2247 uno
927 2163 1032 2247 alte-

111 2323 219 2380 rove
250 2307 345 2378 ante
384 2293 540 2378 doloris
578 2295 625 2378 in
662 2311 757 2380 artu
794 2325 1032 2399 accessum,

115 2421 347 2508 ventriculi
372 2421 591 2511 affectione
621 2426 810 2528 insolita,
842 2424 1035 2510 ructibus

117 2553 270 2659 acidis,
300 2583 455 2640 acuon
480 2586 575 2642 raro
595 2559 721 2642 etiam
741 2557 911 2642 sorditie
929 2555 1037 2641 cutis
1159 2599 1162 2606 ⁴

156 2901 213 2976 (⁸)
242 2901 466 2962 connexionem
483 2911 512 2962 et
532 2904 704 2964 affinitatem
719 2905 853 2988 podagra
882 2925 950 2966 oum
971 2927 1042 2968 uro·

118 2997 250 3073 tirhissi,
264 3015 298 3058 sc
307 2997 557 3080 hypochondriasi
573 3023 625 3062 scu
635 3003 790 3082 emphrsxi
804 3025 943 3064 vasorum
954 3003 1044 3066 abdo·

121 3098 282 3160 minalium
303 3141 311 3173 ,
335 3107 424 3177 atque
450 3098 718 3160 hemorrhoidilrus
738 3101 851 3182 egregie
870 3101 1045 3174 dilucidavit

119 3201 293 3260 Musones
314 3197 351 3256 de
365 3197 523 3258 arthritide
547 3198 690 3258 anomah
708 3199 810 3279 (Vide
828 3221 918 3280 opere
934 3201 1045 3279 Sydon·

118 3300 222 3374 hami,
236 3297 306 3358 Vol.
324 3299 355 3358 ΙΙ
365 3299 495 3357 Genera
516 3300 559 3374 4¹0
580 3301 591 3374 )
604 3297 656 3358 ubi
668 3299 830 3378 sequellas,
842 3317 880 3357 ex
892 3299 1048 3362 arthritide

120 3398 281 3480 podagrice
294 3397 428 3458 nondum
443 3397 571 3476 perlecto
580 3397 708 3458 formata
716 3441 725 3471 ,
738 3397 813 3458 bene
825 3395 955 3460 discutit.
970 3401 1048 3462 Vide
1114 3407 1117 3414 '

125 3501 212 3562 etism
229 3498 294 3558 LI.
305 3500 435 3574 Murroy
447 3497 599 3575 opuscula,
612 3498 654 3557 V.
672 3499 696 3558 1.
712 3495 961 3577 Eximiequoque
971 3499 1050 3558 circs

126 3595 177 3654 hos
191 3595 519 3676 morboseognatosagit
528 3595 655 3658 Gsssr:
668 3595 1057 3670 Observatiomonolunnio

113 3693 299 3765 ¹Disorders,¹
307 3705 336 3750 et
344 3691 493 3752 Wrrnaus
501 3715 540 3751 on
548 3694 667 3753 chronic
673 3693 836 3768 weelnere,
847 3695 897 3774 qui
906 3697 1050 3774 posten'or

130 3797 228 3852 tamen
238 3787 410 3868 euphraxia
421 3789 569 3852 viseum
580 3791 815 3854 ebdominolium
830 3813 891 3852 nors
903 3793 1049 3854 meminit.
