2810 4860
335 477 403 573 198
443 478 510 546 es.
529 473 1196 550 melcasxrranrcroocnru.

336 611 548 725 appetitu,
569 611 670 696 alvo
686 626 729 698 et
743 609 871 724 pulsu
891 609 980 696 fere
996 609 1275 696 naturalibus.

333 785 387 810 ·-
415 743 600 828 Morbus
629 742 901 856 contagiosus
928 745 975 828 in
1001 731 1197 854 AEgy'pto
1230 758 1277 828 et

334 877 457 963 India
478 874 701 980 orientali,
717 878 934 991 praecipue
951 874 1033 960 sub
1051 903 1160 958 zona
1180 891 1274 958 tor-

258 1110 260 1122 *
332 1008 425 1095 ride
443 1073 456 1116 ,
479 1007 702 1123 frequens,
722 1014 776 1093 ab
792 1009 1096 1122 antiquissimis
1115 991 1277 1120 temno

300 1193 304 1206 ·
333 1143 452 1226 ribus
465 1157 591 1227 notus
602 1171 616 1251 3
637 1143 678 1226 in
696 1139 815 1228 ltalia
829 1157 927 1227 ante
940 1159 1133 1255 tempora
1153 1141 1277 1226 Porn-

332 1275 419 1388 peii
455 1289 559 1358 teste
589 1274 730 1360 Plinio
762 1275 959 1387 ignotus3
989 1275 1095 1358 viris
1127 1275 1275 1388 potios

329 1421 461 1522 quant
474 1403 692 1512 foeminis,
714 1407 788 1493 sed
805 1433 1028 1520 nunquam
1044 1423 1141 1491 ante
1161 1423 1274 1491 tem·-
1399 1475 1400 1484 i

331 1567 414 1652 pus
433 1539 693 1652 pubertatis,
714 1555 755 1623 et
767 1541 888 1652 juxta
912 1537 1139 1628 Galenum
1158 1570 1275 1624 nun·
1399 1571 1400 1578 ¹

332 1701 462 1786 quarn
484 1671 715 1778 eunuchis,
737 1673 939 1782 infestus,
955 1669 1271 1776 haereditarius,

327 1807 401 1893 vel
418 1806 541 1891 diaeta
557 1835 691 1920 prava
706 1833 761 1892 ex
774 1807 973 1892 carnibus
990 1821 1062 1892 aut
1078 1804 1272 1920 pisoibus

327 1937 671 2046 putrescentibus
696 1939 927 2054 acquisitus
944 1932 1014 2046 (⁴¹).

237 2125 241 2132 ·
326 2091 407 2158 Suu.
430 2089 635 2172 Leomiasis
645 2091 828 2178 (Λιοντίασις
844 2090 961 2187 graec.)
974 2115 984 2178 ;
999 2088 1096 2160 idem
1113 2112 1156 2159 ao
1169 2087 1269 2159 Dant

342 2233 347 2247 ·
474 2205 581 2276 asad.
612 2209 735 2282 Arob.

339 2351 345 2360 ·
427 2325 672 2420 satyriasmus
708 2347 775 2396 seu
812 2327 996 2416 satyriasis
1029 2331 1266 2424 (Σατνρὼισις).

458 2446 622 2534 Syriasis.
771 2451 775 2459 “

342 2602 345 2613 ·
426 2562 581 2639 Morbus
592 2565 789 2638 Heracleus
801 2591 865 2638 seu
884 2566 1088 2640 Herculeus
1101 2557 1265 2670 (upweu

428 2689 584 2762 -νόσος
595 2692 618 2770 ).

334 2881 338 2886 ,
427 2804 571 2872 Cancer
590 2805 795 2875 universus.

425 2926 568 2994 Cancer
579 2927 694 2996 totius
708 2925 884 3024 corporis.
947 2927 1062 3002 Paul.
1078 2929 1206 3026 AEgin.

426 3039 540 3114 Ulcus
560 3041 779 3115 universale.

358 3260 419 3338 (⁴¹)
438 3264 565 3323 Morbus
584 3263 672 3324 initlo
699 3265 798 3326 sedem
818 3283 901 3326 suam
929 3267 1079 3348 precipuo
1102 3267 1136 3328 iu
1163 3279 1254 3330 testu

321 3345 452 3422 oellulari
462 3365 538 3424 cutis
549 3363 657 3426 habere
669 3366 806 3439 videtum
824 3365 940 3446 hecquo
954 3367 1128 3446 degenerare
1139 3370 1251 3430 sensim

319 3483 422 3521 carnes
439 3465 592 3524 substrata
615 3477 645 3524 et
671 3467 789 3526 tandem
822 3487 885 3526 ossa
916 3467 1003 3546 ipsa,
1024 3467 1061 3526 ad
1089 3467 1253 3529 medullam

321 3583 417 3640 uque
445 3573 605 3642 corrupta,
629 3565 662 3624 in
684 3559 990 3626 massam'inl'ormem
1014 3575 1194 3644 mutantur,
1216 3583 1253 3632 ut

315 3662 458 3720 sectiones
473 3661 652 3723 cadaverum
671 3665 788 3726 donent
813 3701 851 3718 -
874 3665 1010 3728 retorem
1034 3685 1073 3728 ex
1099 3670 1254 3732 ulceribru

314 3759 512 3822 destillantem
527 3763 649 3842 quidam
666 3775 800 3828 auctores
812 3768 940 3846 acidum,
957 3787 1027 3830 cum
1041 3767 1184 3830 alcalibus
1193 3773 1249 3834 tor.

313 3871 515 3938 mennatem,
538 3883 598 3924 osse
617 3878 760 3926 usserunt.
