2808 4862
396 377 439 450 16
477 379 545 452 CL.
563 379 623 448 1v.
641 376 886 456 CACHEXIAE
904 379 961 450 ET
974 375 1240 450 CACOCHYM.

389 515 496 586 diens
517 516 686 588 continet
704 517 978 598 ammoniacam
996 532 1034 588 et
1052 516 1206 590 acidum
1223 521 1321 588 Prus-

328 624 332 636 ’
390 635 523 706 sicum.

442 759 622 828 Ceterum
639 757 829 853 quantitas
846 781 970 830 massae
985 756 1169 854 generalis
1193 755 1321 826 humo

389 899 501 963 rum,
531 895 635 972 aeque
648 897 690 944 ac
706 875 901 972 proportio
915 876 1193 972 principiorum
1212 873 1324 944 diver·

388 1015 529 1079 sorum,
544 993 764 1090 sanguinem
779 984 1106 1080 constituentium,
1119 995 1160 1063 in
1174 990 1326 1064 diversis

390 1109 610 1182 bominibus
632 1111 749 1182 variat
771 1135 841 1208 pro
872 1113 1016 1182 ratione
1037 1113 1172 1201 aetatis,
1200 1133 1325 1196 sexus,

389 1231 689 1328 temperamenti,
706 1232 789 1300 vitre
804 1232 950 1327 generis
968 1245 1034 1302 etc.

436 1344 1327 1445 Hoecdilserentiainmorbispluribusevidentius
1390 1381 1391 1386 ¹

386 1480 560 1566 apparet:
579 1468 637 1538 Sic
653 1468 819 1565 sanguis,
837 1468 1022 1565 praecipue
1037 1469 1076 1538 in
1087 1465 1327 1565 phlegmasiis
1390 1483 1391 1496 ¹

386 1586 575 1672 sthenicis,
583 1583 806 1658 subactione
815 1583 933 1655 valida
942 1584 1065 1656 conlis
1075 1600 1111 1658 et
1119 1585 1329 1681 systematis

387 1709 555 1780 arteriosi
567 1707 717 1792 missus,
734 1705 808 1776 cito
823 1706 862 1776 in
875 1703 1036 1776 insulam
1053 1709 1281 1794 concrescit,
1293 1720 1329 1778 et

388 1843 548 1903 crustam
572 1827 798 1913 coriaceam,
828 1824 915 1922 plus
944 1827 1117 1896 minusve
1143 1849 1329 1912 crassam,

386 1949 562 2034 densam,
596 1960 783 2030 tenacem,
806 1943 952 2032 albam,
980 1943 1240 2018 flavescentem
1265 1961 1331 2017 aut
1390 1971 1391 1978 ¹

386 2064 666 2138 viridescentem
684 2065 723 2132 in
736 2063 817 2157 ojus
829 2060 1027 2160 superficie
1041 2061 1198 2150 format,
1213 2067 1330 2161 potis-
1390 2129 1391 2146 ,

387 2187 526 2258 simum
542 2208 586 2254 ex
601 2181 739 2253 fibrino
762 2201 799 2254 et
812 2184 986 2280 portione
999 2182 1207 2258 albuminis
1228 2211 1331 2258 com-

387 2309 555 2404 positam.
580 2307 623 2374 ln
648 2326 782 2400 genere
809 2301 939 2376 fibrini
961 2301 1150 2400 quantitas
1178 2307 1218 2377 in
1247 2331 1330 2378 san·
1390 2335 1391 2344 ¹

385 2425 500 2522 guine
510 2445 734 2520 exsuperans
745 2473 755 2506 ,
768 2419 930 2492 eundem
945 2419 1123 2510 densum,
1141 2423 1305 2520 spissum
1320 2479 1330 2512 ‚

387 2540 652 2628 immeabilem,
670 2539 765 2610 etad
784 2539 1171 2614 inflammationesaut
1190 2543 1331 2617 infarc-

387 2681 448 2734 tus
464 2662 687 2760 dispositum
702 2659 824 2732 reddit
838 2687 849 2747 ;
875 2659 967 2732 dum
985 2661 1164 2736 albumen
1179 2681 1219 2737 et
1231 2667 1329 2764 gela·

386 2785 463 2855 tina
476 2835 486 2868 ‚
499 2803 648 2852 excessu
667 2793 734 2849 aut
749 2777 896 2851 deiectu
910 2797 1118 2878 peccantes,
1134 2783 1194 2854 rel
1207 2786 1328 2885 reple-

385 2905 506 2976 tiones
525 2898 723 2970 abnormes
730 2953 742 2986 ,
754 2897 812 2970 rel
827 2923 1008 2970 marcores
1022 2899 1224 2976 inducunt.
1246 2910 1328 2980 Seri

380 3047 406 3094 e
419 3032 548 3092 contra
564 3017 753 3114 quantitas
768 3013 965 3089 abundans
981 3041 1118 3116 corpus
1135 3021 1182 3091 ad
1202 3021 1331 3098 leuco·

385 3135 648 3239 phlegmatiam
677 3146 743 3203 aut
786 3131 972 3232 hydropes
1002 3139 1122 3209 varios
1148 3153 1217 3210 etc.
1252 3142 1327 3214 dis·

386 3257 506 3356 ponit.

433 3379 480 3444 ll.
508 3377 686 3460 Lrurmt,
710 3393 774 3442 seu
803 3369 942 3444 humor
960 3372 1143 3473 limpidus
1165 3381 1207 3450 in
1231 3385 1329 3456 vasis

384 3487 692 3584 absorbentibus,
714 3489 827 3586 vulgo
843 3494 1083 3588 lymphaticis
1096 3493 1224 3589 (lictis,
1239 3523 1330 3573 con·

385 3623 527 3696 tentus,
544 3605 723 3700 hactenus
736 3607 941 3682 achemicis
953 3612 1125 3684 nondum
1140 3615 1330 3712 probeex·

384 3728 564 3828 ploratus,
576 3750 645 3822 pro
657 3729 817 3800 maxima
827 3732 886 3802 sui
898 3745 1015 3830 parte,
1028 3757 1073 3804 ex
1083 3741 1328 3832 aqua‚muci-

1177 3849 1325 3954 lagine,
