2810 4860
292 421 336 490 0.
369 417 483 490 v111.
518 411 871 488 SCOLECODES.
970 413 1039 498 243

166 597 207 669 V.
223 597 342 670 Firma
358 595 565 690 infernalis.
694 557 699 570 Ι
1026 547 1030 556 ’

165 772 398 869 Aliaeveejus
429 771 565 870 speeies
590 767 668 839 cuti
689 789 764 838 sese
787 767 1042 858 insinuantes,

121 905 360 992 symptomata
371 892 491 988 gravia
506 902 542 960 et
551 911 642 984 saepe
655 901 810 958 mortem
824 881 1044 960 animalium

120 1026 286 1100 musant,
313 1024 355 1081 ut
380 1013 561 1084 Linnoeus
575 1009 763 1082 etractus
780 1025 1046 1088 memorarunt.
1075 1081 1077 1086 .

165 1129 316 1202 adhoc
344 1151 461 1226 genus
477 1127 587 1198 etiam
601 1124 782 1198 referendi
807 1117 896 1200 sunt
924 1131 1049 1203 morbi

103 1247 272 1347 ·piuresa
288 1251 479 1344 Souvogee
501 1233 573 1317 sub
586 1269 718 1342 genere
733 1251 851 1321 Malia
866 1243 1047 1324 recensiti.

120 1367 223 1438 Malis
241 1366 261 1464 (
268 1365 391 1462 Μόλις)
412 1365 534 1462 graecis
550 1378 605 1435 est
624 1362 776 1437 morbus
788 1366 1049 1472 jumentorum

120 1487 211 1558 tussi
240 1487 421 1583 stipatus,
455 1497 626 1555 caeterum
654 1483 1048 1587 obscuredescriptus.

119 1607 204 1698 Quo
213 1606 298 1699 jure
311 1656 322 1691 ‚
334 1617 400 1674 aut
412 1627 458 1692 ex„
479 1625 553 1699 qua
574 1625 681 1674 causa
695 1607 886 1702 bauvoges
899 1607 1052 1698 Malim,

121 1738 164 1796 ut
176 1723 351 1796 morbum
366 1735 567 1793 cutaneum
585 1719 807 1792 avermibus
820 1707 1052 1796 autinsectis

122 1839 346 1929 oriundum,
367 1839 675 1927 consideraverit,
702 1835 836 1912 nescio.
863 1843 967 1912 Certe
982 1867 1053 1914 no·
1126 1926 1129 1937 Ι

125 1985 211 2032 men
228 1958 301 2032 hoc
313 1982 448 2056 vagum
463 1971 499 2027 et
516 1952 735 2054 ambiguum
754 1957 911 2031 minime
930 1961 1053 2052 insys·
1168 2027 1174 2036 ,

124 2093 257 2154 temate
271 2079 484 2175 uosologico
496 2073 771 2148 admittendum
784 2101 860 2150 esse
878 2103 1020 2150 censeo.

172 2201 233 2269 An
248 2199 368 2271 Malis
385 2199 445 2269 W
440 2195 699 2292 estpholiemst's
709 2208 745 2266 et
756 2199 1057 2296 Transylvanica

126 2319 290 2403 §novam
318 2319 429 2412 vulgo
458 2314 519 2386 die
545 2318 689 2401 viam,
712 2338 776 2384 seu
802 2313 863 2385 die
891 2319 1057 2388 manna
1110 2345 1112 2354 ·
1219 2339 1222 2346 ·

125 2435 248 2506 Vnum
284 2431 359 2503 huc
391 2431 616 2530 pertineat?
655 2443 691 2501 et
723 2454 771 2500 an
804 2428 865 2501 hic
901 2430 1056 2530 morbus

126 2550 248 2624 adhuc
265 2549 393 2640 hodie,
418 2565 463 2623 ut
486 2548 576 2622 oiim
600 2551 639 2620 in
659 2547 882 2650 Westphalia
894 2567 930 2624 et
946 2529 1058 2624 Transs

127 2671 288 2763 sylvania
311 2669 525 2742 eudemious
539 2670 606 2758 ait,
635 2669 776 2768 ignoro.
801 2673 1004 2747 &tentius
1021 2687 1058 2745 et

129 2793 326 2865 Heumiua
355 2789 394 2859 in
424 2787 669 2860 delineatione
699 2785 814 2884 hujus
846 2789 968 2862 morbi
995 2793 1055 2862 in-

129 2923 269 2980 sectum
292 2905 350 2978 vel
373 2929 555 2994 vermem,
578 2905 645 3002 qui
669 2907 830 2982 eundem
852 2909 1057 3010 producere
1115 2897 1119 2908 ⁵

129 3023 289 3114 dicitur,
312 3048 390 3097 nou
411 3023 695 3122 descripserunt.

176 3205 233 3278 Ad
248 3201 470 3280 scolekiasin
486 3227 642 3304 quoque
662 3204 824 3302 pertinet
840 3229 849 3272 ε

183 3383 386 3457 Untcaria.

183 3545 413 3640 Frequenter
434 3537 481 3610 ab
503 3561 569 3610 esu
601 3559 820 3610 maerorum
843 3496 1059 3622 ¹uariorum,

131 3675 196 3734 aut
214 3661 375 3760 piscium
395 3658 603 3756 (praecipue
616 3657 891 3770 samosaten,
916 3667 953 3724 et
975 3655 1059 3724 Clu·

126 3807 205 3878 pen
227 3775 435 3874 borengur)
468 3789 560 3847 orta.

871 3839 936 3954 P=2
