<?xml version="1.0" encoding="UTF-8"?>
<!DOCTYPE html PUBLIC "-//W3C//DTD XHTML 1.0 Transitional//EN"
    "http://www.w3.org/TR/xhtml1/DTD/xhtml1-transitional.dtd">
<html xmlns="http://www.w3.org/1999/xhtml" xml:lang="en" lang="en">
 <head>
  <title>
</title>
<meta http-equiv="Content-Type" content="text/html;charset=utf-8" />
  <meta name='ocr-system' content='tesseract 3.04.00' />
  <meta name='ocr-capabilities' content='ocr_page ocr_carea ocr_par ocr_line ocrx_word'/>
</head>
<body>
  <div class='ocr_page' id='page_1' title='image "./novumnosologiae01swedgoog_0734.png"; bbox 0 0 2686 4850; ppageno 0'>
   <div class='ocr_carea' id='block_1_1' title="bbox 242 441 934 562">
    <p class='ocr_par' dir='ltr' id='par_1_1' title="bbox 242 441 934 562">
     <span class='ocr_line' id='line_1_1' title="bbox 242 441 934 562; baseline 0.009 -40"><span class='ocrx_word' id='word_1_1' title='bbox 242 447 286 522; x_wconf 88' lang='lat'>0.</span> <span class='ocrx_word' id='word_1_2' title='bbox 319 447 365 520; x_wconf 86' lang='lat' dir='ltr'>x.</span> <span class='ocrx_word' id='word_1_3' title='bbox 403 441 703 526; x_wconf 74' lang='lat' dir='ltr'>tMonPfflAE.</span> <span class='ocrx_word' id='word_1_4' title='bbox 861 465 934 562; x_wconf 68' lang='lat'>749</span> 
     </span>
    </p>
   </div>
   <div class='ocr_carea' id='block_1_2' title="bbox 16 586 933 897">
    <p class='ocr_par' dir='ltr' id='par_1_2' title="bbox 16 586 933 897">
     <span class='ocr_line' id='line_1_2' title="bbox 18 586 933 695; baseline 0.023 -38"><span class='ocrx_word' id='word_1_5' title='bbox 18 610 49 682; x_wconf 80' lang='grc' dir='ltr'>μ.</span> <span class='ocrx_word' id='word_1_6' title='bbox 71 587 143 660; x_wconf 82' lang='lat' dir='ltr'>Avi</span> <span class='ocrx_word' id='word_1_7' title='bbox 157 601 305 660; x_wconf 82' lang='lat' dir='ltr'>externa</span> <span class='ocrx_word' id='word_1_8' title='bbox 319 586 435 659; x_wconf 87' lang='lat' dir='ltr'>illata:</span> <span class='ocrx_word' id='word_1_9' title='bbox 448 587 689 682; x_wconf 89' lang='lat' dir='ltr'>distorsione,</span> <span class='ocrx_word' id='word_1_10' title='bbox 702 599 933 695; x_wconf 83' lang='lat' dir='ltr'>contusione,</span> 
     </span>
     <span class='ocr_line' id='line_1_3' title="bbox 84 703 839 796; baseline 0.019 -20"><span class='ocrx_word' id='word_1_11' title='bbox 84 705 317 796; x_wconf 80' lang='lat' dir='ltr'>discissione,</span> <span class='ocrx_word' id='word_1_12' title='bbox 334 703 554 780; x_wconf 77' lang='lat' dir='ltr'>laceratione</span> <span class='ocrx_word' id='word_1_13' title='bbox 572 709 839 790; x_wconf 82' lang='lat' dir='ltr'>musculorum.</span> 
     </span>
     <span class='ocr_line' id='line_1_4' title="bbox 16 823 289 897; baseline 0.011 -3"><span class='ocrx_word' id='word_1_14' title='bbox 16 849 41 897; x_wconf 77' lang='grc' dir='ltr'>ν.</span> <span class='ocrx_word' id='word_1_15' title='bbox 69 823 289 897; x_wconf 73' lang='lat' dir='ltr'>Acimtrioe.</span> 
     </span>
    </p>
   </div>
   <div class='ocr_carea' id='block_1_3' title="bbox 58 1003 542 1106">
    <p class='ocr_par' dir='ltr' id='par_1_3' title="bbox 58 1003 542 1106">
     <span class='ocr_line' id='line_1_5' title="bbox 58 1003 542 1106; baseline 0.004 -26"><span class='ocrx_word' id='word_1_16' title='bbox 58 1009 118 1102; x_wconf 82' lang='lat' dir='ltr'>Sp.</span> <span class='ocrx_word' id='word_1_17' title='bbox 149 1028 178 1077; x_wconf 84' lang='lat' dir='ltr'>r.</span> <span class='ocrx_word' id='word_1_18' title='bbox 206 1003 542 1106; x_wconf 61' lang='lat' dir='ltr'>Cempsisssopitis.</span> 
     </span>
    </p>
   </div>
   <div class='ocr_carea' id='block_1_4' title="bbox 14 1183 933 1403">
    <p class='ocr_par' dir='ltr' id='par_1_4' title="bbox 14 1183 933 1403">
     <span class='ocr_line' id='line_1_6' title="bbox 66 1183 933 1282; baseline 0.027 -33"><span class='ocrx_word' id='word_1_19' title='bbox 66 1183 276 1256; x_wconf 81' lang='lat' dir='ltr'>incurvatio</span> <span class='ocrx_word' id='word_1_20' title='bbox 301 1185 433 1282; x_wconf 85' lang='lat' dir='ltr'>eapitis</span> <span class='ocrx_word' id='word_1_21' title='bbox 461 1193 706 1260; x_wconf 83' lang='lat' dir='ltr'>neonatorum</span> <span class='ocrx_word' id='word_1_22' title='bbox 731 1243 743 1278; x_wconf 86' lang='lat'><strong>,</strong></span> <span class='ocrx_word' id='word_1_23' title='bbox 772 1195 933 1274; x_wconf 77' lang='lat' dir='ltr'>ervitio</span> 
     </span>
     <span class='ocr_line' id='line_1_7' title="bbox 14 1300 807 1403; baseline 0.015 -33"><span class='ocrx_word' id='word_1_24' title='bbox 14 1313 194 1390; x_wconf 78' lang='lat' dir='ltr'>connato,</span> <span class='ocrx_word' id='word_1_25' title='bbox 209 1315 276 1374; x_wconf 83' lang='lat' dir='ltr'>aut</span> <span class='ocrx_word' id='word_1_26' title='bbox 289 1325 333 1374; x_wconf 83' lang='lat' dir='ltr'>ex</span> <span class='ocrx_word' id='word_1_27' title='bbox 345 1302 383 1374; x_wconf 82' lang='lat' dir='ltr'>vi</span> <span class='ocrx_word' id='word_1_28' title='bbox 396 1300 554 1378; x_wconf 76' lang='lat' dir='ltr'>durante</span> <span class='ocrx_word' id='word_1_29' title='bbox 568 1319 679 1403; x_wconf 86' lang='lat' dir='ltr'>partu</span> <span class='ocrx_word' id='word_1_30' title='bbox 697 1305 807 1382; x_wconf 79' lang='lat' dir='ltr'>illata.</span> 
     </span>
    </p>
   </div>
   <div class='ocr_carea' id='block_1_5' title="bbox 57 1482 495 1580">
    <p class='ocr_par' dir='ltr' id='par_1_5' title="bbox 57 1482 495 1580">
     <span class='ocr_line' id='line_1_8' title="bbox 57 1482 495 1580; baseline -0.007 -24"><span class='ocrx_word' id='word_1_31' title='bbox 57 1485 119 1579; x_wconf 77' lang='lat' dir='ltr'>Sp.</span> <span class='ocrx_word' id='word_1_32' title='bbox 144 1505 179 1554; x_wconf 80' lang='lat' dir='ltr'>a.</span> <span class='ocrx_word' id='word_1_33' title='bbox 205 1482 370 1580; x_wconf 76' lang='lat' dir='ltr'>campsis</span> <span class='ocrx_word' id='word_1_34' title='bbox 384 1485 495 1556; x_wconf 75' lang='lat' dir='ltr'>Noni.</span> 
     </span>
    </p>
   </div>
   <div class='ocr_carea' id='block_1_6' title="bbox 10 1663 935 1988">
    <p class='ocr_par' dir='ltr' id='par_1_6' title="bbox 10 1663 935 1988">
     <span class='ocr_line' id='line_1_9' title="bbox 58 1663 934 1758; baseline 0.018 -26"><span class='ocrx_word' id='word_1_35' title='bbox 58 1664 270 1736; x_wconf 84' lang='lat' dir='ltr'>Incurvatio</span> <span class='ocrx_word' id='word_1_36' title='bbox 288 1663 387 1752; x_wconf 81' lang='lat' dir='ltr'>nasi,</span> <span class='ocrx_word' id='word_1_37' title='bbox 409 1686 455 1734; x_wconf 85' lang='lat' dir='ltr'>ex</span> <span class='ocrx_word' id='word_1_38' title='bbox 471 1663 563 1737; x_wconf 84' lang='lat' dir='ltr'>vitio</span> <span class='ocrx_word' id='word_1_39' title='bbox 587 1681 771 1758; x_wconf 67' lang='lat' dir='ltr'>connatoj</span> <span class='ocrx_word' id='word_1_40' title='bbox 800 1685 867 1746; x_wconf 87' lang='lat' dir='ltr'>aut</span> <span class='ocrx_word' id='word_1_41' title='bbox 890 1699 934 1748; x_wconf 83' lang='lat' dir='ltr'>ex</span> 
     </span>
     <span class='ocr_line' id='line_1_10' title="bbox 12 1776 935 1880; baseline 0.014 -28"><span class='ocrx_word' id='word_1_42' title='bbox 12 1781 281 1878; x_wconf 84' lang='lat' dir='ltr'>compressione</span> <span class='ocrx_word' id='word_1_43' title='bbox 306 1776 491 1866; x_wconf 61' lang='lat' dir='ltr'>violeum</span> <span class='ocrx_word' id='word_1_44' title='bbox 517 1777 577 1853; x_wconf 83' lang='lat' dir='ltr'>vel</span> <span class='ocrx_word' id='word_1_45' title='bbox 605 1805 625 1854; x_wconf 88' lang='lat' dir='ltr'>a</span> <span class='ocrx_word' id='word_1_46' title='bbox 659 1781 841 1880; x_wconf 80' lang='lat' dir='ltr'>fractura,</span> <span class='ocrx_word' id='word_1_47' title='bbox 868 1807 935 1864; x_wconf 88' lang='lat' dir='ltr'>aut</span> 
     </span>
     <span class='ocr_line' id='line_1_11' title="bbox 10 1897 527 1988; baseline -0.006 -17"><span class='ocrx_word' id='word_1_48' title='bbox 10 1901 103 1972; x_wconf 81' lang='lat' dir='ltr'>carie</span> <span class='ocrx_word' id='word_1_49' title='bbox 125 1899 264 1971; x_wconf 86' lang='lat' dir='ltr'>ossium</span> <span class='ocrx_word' id='word_1_50' title='bbox 293 1897 373 1968; x_wconf 84' lang='lat' dir='ltr'>nasi</span> <span class='ocrx_word' id='word_1_51' title='bbox 396 1949 408 1988; x_wconf 91' lang='lat'>,</span> <span class='ocrx_word' id='word_1_52' title='bbox 436 1911 527 1970; x_wconf 82' lang='lat' dir='ltr'>orta.</span> 
     </span>
    </p>
   </div>
   <div class='ocr_carea' id='block_1_7' title="bbox 57 2069 505 2174">
    <p class='ocr_par' dir='ltr' id='par_1_7' title="bbox 57 2069 505 2174">
     <span class='ocr_line' id='line_1_12' title="bbox 57 2069 505 2174; baseline -0.013 -26"><span class='ocrx_word' id='word_1_53' title='bbox 57 2077 121 2174; x_wconf 82' lang='lat' dir='ltr'>Sp.</span> <span class='ocrx_word' id='word_1_54' title='bbox 149 2069 183 2146; x_wconf 90' lang='lat'>3.</span> <span class='ocrx_word' id='word_1_55' title='bbox 212 2069 377 2173; x_wconf 85' lang='lat' dir='ltr'>Campsis</span> <span class='ocrx_word' id='word_1_56' title='bbox 398 2073 505 2148; x_wconf 80' lang='lat' dir='ltr'>Cotti.</span> 
     </span>
    </p>
   </div>
   <div class='ocr_carea' id='block_1_8' title="bbox 10 2246 935 2474">
    <p class='ocr_par' dir='ltr' id='par_1_8' title="bbox 10 2246 935 2474">
     <span class='ocr_line' id='line_1_13' title="bbox 56 2246 935 2348; baseline -0.008 -26"><span class='ocrx_word' id='word_1_57' title='bbox 56 2248 149 2322; x_wconf 92' lang='lat' dir='ltr'>Colli</span> <span class='ocrx_word' id='word_1_58' title='bbox 166 2249 372 2322; x_wconf 80' lang='lat' dir='ltr'>incurvatio</span> <span class='ocrx_word' id='word_1_59' title='bbox 384 2246 575 2320; x_wconf 83' lang='lat' dir='ltr'>abnormis</span> <span class='ocrx_word' id='word_1_60' title='bbox 589 2260 627 2322; x_wconf 92' lang='lat' dir='ltr'>et</span> <span class='ocrx_word' id='word_1_61' title='bbox 637 2269 860 2348; x_wconf 83' lang='lat' dir='ltr'>permanens</span> <span class='ocrx_word' id='word_1_62' title='bbox 870 2281 935 2332; x_wconf 86' lang='lat' dir='ltr'>an.</span> 
     </span>
     <span class='ocr_line' id='line_1_14' title="bbox 10 2365 933 2474; baseline 0.01 -34"><span class='ocrx_word' id='word_1_63' title='bbox 10 2383 192 2460; x_wconf 90' lang='lat' dir='ltr'>trorsum,</span> <span class='ocrx_word' id='word_1_64' title='bbox 206 2382 437 2468; x_wconf 81' lang='lat' dir='ltr'>postmrsum</span> <span class='ocrx_word' id='word_1_65' title='bbox 454 2365 513 2441; x_wconf 84' lang='lat' dir='ltr'>vel</span> <span class='ocrx_word' id='word_1_66' title='bbox 528 2365 574 2440; x_wconf 89' lang='lat' dir='ltr'>ad</span> <span class='ocrx_word' id='word_1_67' title='bbox 590 2365 685 2442; x_wconf 85' lang='lat' dir='ltr'>latus</span> <span class='ocrx_word' id='word_1_68' title='bbox 699 2369 933 2474; x_wconf 85' lang='lat' dir='ltr'>alterutrum,</span> 
     </span>
    </p>
   </div>
   <div class='ocr_carea' id='block_1_9' title="bbox 5 2483 938 3654">
    <p class='ocr_par' dir='ltr' id='par_1_9' title="bbox 5 2483 938 3654">
     <span class='ocr_line' id='line_1_15' title="bbox 9 2483 936 2588; baseline 0.009 -31"><span class='ocrx_word' id='word_1_69' title='bbox 9 2489 59 2558; x_wconf 84' lang='lat' dir='ltr'>ita</span> <span class='ocrx_word' id='word_1_70' title='bbox 76 2501 119 2560; x_wconf 93' lang='lat' dir='ltr'>ut</span> <span class='ocrx_word' id='word_1_71' title='bbox 134 2501 246 2588; x_wconf 84' lang='lat' dir='ltr'>caput</span> <span class='ocrx_word' id='word_1_72' title='bbox 259 2509 351 2586; x_wconf 71' lang='lat' dir='ltr'>sepe</span> <span class='ocrx_word' id='word_1_73' title='bbox 370 2483 444 2558; x_wconf 82' lang='lat' dir='ltr'>sere</span> <span class='ocrx_word' id='word_1_74' title='bbox 459 2483 660 2559; x_wconf 88' lang='lat' dir='ltr'>humerum</span> <span class='ocrx_word' id='word_1_75' title='bbox 679 2501 824 2588; x_wconf 82' lang='lat' dir='ltr'>tangat;</span> <span class='ocrx_word' id='word_1_76' title='bbox 845 2489 936 2568; x_wconf 84' lang='lat' dir='ltr'>facie</span> 
     </span>
     <span class='ocr_line' id='line_1_16' title="bbox 10 2589 936 2706; baseline 0.011 -30"><span class='ocrx_word' id='word_1_77' title='bbox 10 2607 149 2680; x_wconf 85' lang='lat' dir='ltr'>interea</span> <span class='ocrx_word' id='word_1_78' title='bbox 163 2607 387 2706; x_wconf 83' lang='lat' dir='ltr'>plerumque</span> <span class='ocrx_word' id='word_1_79' title='bbox 400 2627 547 2694; x_wconf 82' lang='lat' dir='ltr'>aversa,</span> <span class='ocrx_word' id='word_1_80' title='bbox 568 2589 795 2706; x_wconf 89' lang='lat' dir='ltr'>quandoque</span> <span class='ocrx_word' id='word_1_81' title='bbox 811 2623 936 2686; x_wconf 85' lang='lat' dir='ltr'>tamen</span> 
     </span>
     <span class='ocr_line' id='line_1_17' title="bbox 10 2723 936 2823; baseline 0.014 -30"><span class='ocrx_word' id='word_1_82' title='bbox 10 2723 125 2795; x_wconf 85' lang='lat' dir='ltr'>simut</span> <span class='ocrx_word' id='word_1_83' title='bbox 143 2747 268 2796; x_wconf 81' lang='lat' dir='ltr'>versus</span> <span class='ocrx_word' id='word_1_84' title='bbox 295 2724 394 2799; x_wconf 89' lang='lat' dir='ltr'>idem</span> <span class='ocrx_word' id='word_1_85' title='bbox 415 2723 511 2796; x_wconf 86' lang='lat' dir='ltr'>tatus</span> <span class='ocrx_word' id='word_1_86' title='bbox 530 2747 573 2796; x_wconf 89' lang='lat' dir='ltr'>ac</span> <span class='ocrx_word' id='word_1_87' title='bbox 592 2740 705 2823; x_wconf 84' lang='lat' dir='ltr'>caput</span> <span class='ocrx_word' id='word_1_88' title='bbox 733 2727 936 2805; x_wconf 80' lang='lat' dir='ltr'>inclinata:</span> 
     </span>
     <span class='ocr_line' id='line_1_18' title="bbox 9 2839 938 2940; baseline 0.009 -28"><span class='ocrx_word' id='word_1_89' title='bbox 9 2839 361 2940; x_wconf 82' lang='lat' dir='ltr'>quandoqueoaput</span> <span class='ocrx_word' id='word_1_90' title='bbox 376 2843 534 2913; x_wconf 90' lang='lat' dir='ltr'>omnino</span> <span class='ocrx_word' id='word_1_91' title='bbox 559 2841 751 2914; x_wconf 90' lang='lat' dir='ltr'>immobile</span> <span class='ocrx_word' id='word_1_92' title='bbox 778 2860 858 2934; x_wconf 84' lang='lat' dir='ltr'>est,</span> <span class='ocrx_word' id='word_1_93' title='bbox 886 2849 938 2921; x_wconf 84' lang='lat' dir='ltr'>itu</span> 
     </span>
     <span class='ocr_line' id='line_1_19' title="bbox 8 2956 936 3056; baseline 0.003 -23"><span class='ocrx_word' id='word_1_94' title='bbox 8 2977 52 3034; x_wconf 84' lang='lat' dir='ltr'>ut</span> <span class='ocrx_word' id='word_1_95' title='bbox 73 2985 141 3033; x_wconf 87' lang='lat' dir='ltr'>nec</span> <span class='ocrx_word' id='word_1_96' title='bbox 159 2957 207 3032; x_wconf 87' lang='lat' dir='ltr'>ab</span> <span class='ocrx_word' id='word_1_97' title='bbox 222 2979 317 3056; x_wconf 81' lang='lat' dir='ltr'>aegm</span> <span class='ocrx_word' id='word_1_98' title='bbox 339 2981 409 3031; x_wconf 89' lang='lat' dir='ltr'>nec</span> <span class='ocrx_word' id='word_1_99' title='bbox 428 2957 476 3030; x_wconf 91' lang='lat' dir='ltr'>ab</span> <span class='ocrx_word' id='word_1_100' title='bbox 492 2956 668 3030; x_wconf 83' lang='lat' dir='ltr'>alioverti</span> <span class='ocrx_word' id='word_1_101' title='bbox 683 2974 748 3032; x_wconf 86' lang='lat' dir='ltr'>aut</span> <span class='ocrx_word' id='word_1_102' title='bbox 767 2963 936 3036; x_wconf 87' lang='lat' dir='ltr'>insitum</span> 
     </span>
     <span class='ocr_line' id='line_1_20' title="bbox 8 3075 938 3179; baseline 0.008 -31"><span class='ocrx_word' id='word_1_103' title='bbox 8 3094 154 3149; x_wconf 86' lang='lat' dir='ltr'>rectum</span> <span class='ocrx_word' id='word_1_104' title='bbox 182 3077 275 3175; x_wconf 90' lang='lat' dir='ltr'>poni</span> <span class='ocrx_word' id='word_1_105' title='bbox 304 3091 437 3176; x_wconf 79' lang='lat' dir='ltr'>queat3</span> <span class='ocrx_word' id='word_1_106' title='bbox 471 3075 672 3176; x_wconf 84' lang='lat' dir='ltr'>aliquando</span> <span class='ocrx_word' id='word_1_107' title='bbox 702 3101 796 3178; x_wconf 80' lang='lat' dir='ltr'>aeger</span> <span class='ocrx_word' id='word_1_108' title='bbox 824 3096 938 3179; x_wconf 87' lang='lat' dir='ltr'>caput</span> 
     </span>
     <span class='ocr_line' id='line_1_21' title="bbox 8 3195 935 3299; baseline 0.003 -27"><span class='ocrx_word' id='word_1_109' title='bbox 8 3213 152 3272; x_wconf 81' lang='lat' dir='ltr'>vertere</span> <span class='ocrx_word' id='word_1_110' title='bbox 171 3213 238 3270; x_wconf 89' lang='lat' dir='ltr'>aut</span> <span class='ocrx_word' id='word_1_111' title='bbox 260 3219 406 3271; x_wconf 85' lang='lat' dir='ltr'>movere</span> <span class='ocrx_word' id='word_1_112' title='bbox 427 3221 472 3270; x_wconf 84' lang='lat' dir='ltr'>ex</span> <span class='ocrx_word' id='word_1_113' title='bbox 492 3195 683 3271; x_wconf 77' lang='lat' dir='ltr'>voluntate</span> <span class='ocrx_word' id='word_1_114' title='bbox 700 3223 777 3272; x_wconf 90' lang='lat' dir='ltr'>non</span> <span class='ocrx_word' id='word_1_115' title='bbox 790 3215 935 3299; x_wconf 85' lang='lat' dir='ltr'>potest,</span> 
     </span>
     <span class='ocr_line' id='line_1_22' title="bbox 8 3311 936 3414; baseline 0.003 -27"><span class='ocrx_word' id='word_1_116' title='bbox 8 3315 72 3387; x_wconf 83' lang='lat' dir='ltr'>sed</span> <span class='ocrx_word' id='word_1_117' title='bbox 86 3338 202 3388; x_wconf 84' lang='lat' dir='ltr'>rnanu</span> <span class='ocrx_word' id='word_1_118' title='bbox 212 3339 277 3387; x_wconf 87' lang='lat' dir='ltr'>sua</span> <span class='ocrx_word' id='word_1_119' title='bbox 290 3315 439 3414; x_wconf 80' lang='lat' dir='ltr'>propriu</span> <span class='ocrx_word' id='word_1_120' title='bbox 452 3311 510 3388; x_wconf 76' lang='lat' dir='ltr'>vel</span> <span class='ocrx_word' id='word_1_121' title='bbox 522 3314 641 3389; x_wconf 88' lang='lat' dir='ltr'>aliena</span> <span class='ocrx_word' id='word_1_122' title='bbox 654 3315 821 3412; x_wconf 83' lang='lat' dir='ltr'>adjutus,</span> <span class='ocrx_word' id='word_1_123' title='bbox 840 3317 936 3390; x_wconf 89' lang='lat' dir='ltr'>illud</span> 
     </span>
     <span class='ocr_line' id='line_1_23' title="bbox 8 3433 933 3534; baseline 0.006 -30"><span class='ocrx_word' id='word_1_124' title='bbox 8 3434 163 3532; x_wconf 83' lang='lat' dir='ltr'>quidem</span> <span class='ocrx_word' id='word_1_125' title='bbox 179 3438 276 3506; x_wconf 85' lang='lat' dir='ltr'>varie</span> <span class='ocrx_word' id='word_1_126' title='bbox 286 3457 433 3507; x_wconf 82' lang='lat' dir='ltr'>movere</span> <span class='ocrx_word' id='word_1_127' title='bbox 445 3433 559 3523; x_wconf 82' lang='lat' dir='ltr'>valet,</span> <span class='ocrx_word' id='word_1_128' title='bbox 580 3435 642 3508; x_wconf 85' lang='lat' dir='ltr'>sed</span> <span class='ocrx_word' id='word_1_129' title='bbox 654 3451 766 3534; x_wconf 76' lang='lat' dir='ltr'>ceput</span> <span class='ocrx_word' id='word_1_130' title='bbox 778 3436 849 3509; x_wconf 82' lang='lat' dir='ltr'>hoo</span> <span class='ocrx_word' id='word_1_131' title='bbox 870 3460 933 3511; x_wconf 85' lang='lat' dir='ltr'>au·</span> 
     </span>
     <span class='ocr_line' id='line_1_24' title="bbox 5 3551 894 3654; baseline 0.004 -30"><span class='ocrx_word' id='word_1_132' title='bbox 5 3551 98 3624; x_wconf 83' lang='lat' dir='ltr'>xilio</span> <span class='ocrx_word' id='word_1_133' title='bbox 111 3551 233 3624; x_wconf 86' lang='lat' dir='ltr'>ablato</span> <span class='ocrx_word' id='word_1_134' title='bbox 248 3577 334 3626; x_wconf 87' lang='lat' dir='ltr'>mox</span> <span class='ocrx_word' id='word_1_135' title='bbox 349 3555 388 3626; x_wconf 92' lang='lat' dir='ltr'>in</span> <span class='ocrx_word' id='word_1_136' title='bbox 403 3555 605 3654; x_wconf 86' lang='lat' dir='ltr'>pristinum</span> <span class='ocrx_word' id='word_1_137' title='bbox 623 3558 737 3630; x_wconf 88' lang='lat' dir='ltr'>situm</span> <span class='ocrx_word' id='word_1_138' title='bbox 753 3555 894 3632; x_wconf 84' lang='lat' dir='ltr'>recidit.</span> 
     </span>
    </p>
   </div>
   <div class='ocr_carea' id='block_1_10' title="bbox 2 3711 517 3932">
    <p class='ocr_par' dir='ltr' id='par_1_10' title="bbox 2 3711 517 3932">
     <span class='ocr_line' id='line_1_25' title="bbox 2 3711 517 3814; baseline 0.021 -31"><span class='ocrx_word' id='word_1_139' title='bbox 2 3717 86 3786; x_wconf 69' lang='lat' dir='ltr'>sne.</span> <span class='ocrx_word' id='word_1_140' title='bbox 101 3715 222 3810; x_wconf 86' lang='lat' dir='ltr'>Caput</span> <span class='ocrx_word' id='word_1_141' title='bbox 238 3711 442 3814; x_wconf 87' lang='lat' dir='ltr'>obstipum.</span> <span class='ocrx_word' id='word_1_142' title='bbox 470 3717 517 3794; x_wconf 81' lang='lat' dir='ltr'>V.</span> 
     </span>
     <span class='ocr_line' id='line_1_26' title="bbox 105 3829 388 3932; baseline 0.014 -30"><span class='ocrx_word' id='word_1_143' title='bbox 105 3829 318 3932; x_wconf 74' lang='lat' dir='ltr'>obruptus.</span> <span class='ocrx_word' id='word_1_144' title='bbox 349 3834 388 3906; x_wconf 82' lang='lat' dir='ltr'>S.</span> 
     </span>
    </p>
   </div>
   <div class='ocr_carea' id='block_1_11' title="bbox 111 3974 133 4020">
    <p class='ocr_par' dir='ltr' id='par_1_11' title="bbox 111 3974 133 4020">
     <span class='ocr_line' id='line_1_27' title="bbox 111 3974 133 4020; baseline 0 0"><span class='ocrx_word' id='word_1_145' title='bbox 111 3974 133 4020; x_wconf 77' lang='lat'><em>2</em></span> 
     </span>
    </p>
   </div>
   <div class='ocr_carea' id='block_1_12' title="bbox 0 0 1348 4850">
    <p class='ocr_par' dir='ltr' id='par_1_12' title="bbox 0 0 1348 4850">
     <span class='ocr_line' id='line_1_28' title="bbox 0 0 1348 4850; baseline 0 2"><span class='ocrx_word' id='word_1_146' title='bbox 0 0 1348 4850; x_wconf 95' lang='lat' dir='ltr'> </span> 
     </span>
    </p>
   </div>
  </div>
 </body>
</html>
