2810 4860
285 382 292 390 ·
409 349 1264 454 roecL.lv.CAOEEX1AEETCtOOCHYM,
1391 299 1392 302 Ὺ

404 491 838 592 retorrido,quandoque
848 487 1003 583 fissuris,
1011 492 1068 566 rel
1079 489 1335 592 hypemrcosi
1392 514 1393 530 ¹

402 631 595 705 notatum,
616 613 780 688 ichorem
796 637 940 704 acrem,
964 613 1216 704 corrosirunr,
1240 613 1336 688 loeti·

401 737 518 827 dum,
546 761 693 810 summe
722 757 944 806 nauseosum
974 730 1160 824 lundene,
1178 734 1336 807 mandu-

401 859 583 930 cationem
609 871 646 929 et
664 856 751 928 dein
773 857 883 926 etiam
906 839 1194 954 deglutitionem
1217 855 1333 956 impe

399 977 521 1066 diens,
542 992 578 1047 et
594 973 741 1047 tandem
764 996 946 1044 marasmo
964 970 1112 1044 lethale.

450 1092 743 1177 Acarkinomate
757 1091 910 1192 linguae,
929 1089 1085 1163 sollicite
1102 1091 1336 1192 distinguen-

398 1215 445 1288 da
461 1229 514 1286 est
527 1213 716 1285 induratio
731 1213 845 1311 partis
859 1201 1052 1307 cujusdam
1068 1210 1221 1309 linguae,
1238 1211 1336 1286 colo·

398 1340 448 1408 ris
461 1332 584 1420 lividi,
606 1331 735 1404 dolens
749 1345 785 1400 et
799 1345 944 1430 motuni
958 1326 1094 1426 linguae
1108 1321 1336 1428 impediens,

396 1477 490 1552 saepe
504 1455 544 1523 in
562 1451 669 1523 ulcus
683 1449 769 1522 mali
780 1451 897 1520 moris
911 1463 948 1520 et
961 1450 1000 1522 in
1011 1447 1248 1549 profundum
1262 1479 1335 1526 ser·

383 1565 508 1674 [pens‚
529 1571 676 1661 abiens,
692 1567 916 1669 plerumque
929 1568 988 1641 vel
996 1568 1044 1641 ab
1060 1570 1200 1670 angulo
1211 1571 1337 1646 dentis

397 1707 531 1780 acuto,
555 1689 647 1762 vela
670 1691 754 1760 viru
773 1686 987 1787 syphilitico
1001 1688 1246 1778 corrodente,
1268 1705 1335 1762 aut

380 1787 506 1881 'etiarn
520 1835 540 1880 a
555 1809 645 1881 vitio
666 1807 897 1894 scorbutico‚
918 1804 1034 1882 aliove
1054 1807 1129 1879 acri
1145 1808 1336 1907 applicato

380 1909 924 1999 'oriundum—Exerescentiae
934 1923 1158 2024 papillarum
1168 1927 1208 1996 in
1220 1927 1334 2001 dorso

394 2059 460 2113 aut
471 2042 591 2114 radice
603 2041 740 2140 linguae
751 2039 797 2116 ad
810 2069 978 2116 verrucas
997 2043 1202 2142 pertinent.

379 2280 384 2289 '
439 2183 494 2288 tt.
516 2181 730 2266 B-‚Tumor
746 2179 1009 2276 glandularum
1026 2180 1332 2280 sublingualium

393 2299 450 2372 vel
467 2297 786 2371 submaxillarinm
805 2299 924 2374 durus
939 2303 1001 2373 vix
1019 2327 1191 2402 unquam
1210 2303 1330 2378 carli·

378 2434 605 2517 ¹nomatosus
620 2433 686 2490 aut
701 2417 924 2511 skirrhosus,
946 2421 1010 2494 sed
1024 2422 1253 2522 plerumque
1269 2425 1329 2498 vel

391 2535 614 2610 scrofulosus
629 2551 699 2628 est,
709 2538 797 2612 vela
811 2543 1046 2614 concretione
1062 2541 1245 2616 calculosa
1254 2543 1329 2617 ori-

391 2671 465 2730 tur.

389 2817 449 2885 IV.
478 2817 699 2894 careium
715 2820 822 2894 labri.

439 2955 553 3030 Ulcus
565 2983 607 3030 ex
624 2973 770 3034 tumore
785 2959 971 3034 skirrhoso
985 2960 1078 3034 labri
1092 2963 1168 3035 oris
1177 2978 1328 3054 ortum,

387 3073 546 3170 durnin,
562 3079 756 3178 inaequale,
767 3105 917 3154 cneemo
930 3095 996 3154 aut
1008 3079 1136 3154 dolore
1147 3105 1326 3180 pungen-

387 3212 424 3269 te
439 3199 497 3270 vel
520 3197 741 3291 terebrante,
770 3205 960 3301 stipatum.
987 3201 1141 3274 Morbus
1157 3205 1326 3276 maxime

385 3318 475 3388 viris
486 3318 693 3391 declinante
706 3334 808 3392 aetate
824 3319 998 3412 infestus,
1026 3335 1063 3394 et
1077 3323 1117 3393 in
1129 3319 1231 3396 labio
1244 3327 1326 3396 oris

386 3434 560 3510 inferiore
575 3438 806 3536 frequentius
819 3465 1027 3514 occurrens.

369 3651 375 3658 -
432 3599 484 3670 Ν.
496 3599 544 3670 B.
558 3597 934 3672 Carlrinomalabriab
949 3599 1072 3674 ulcere
1080 3599 1325 3702 syphilitico,

383 3714 592 3792 soorbutico
608 3734 677 3794 etc.
703 3743 771 3796 nec
792 3745 869 3798 non
890 3738 1150 3814 asaroomate,
1176 3739 1246 3798 aut
1259 3749 1323 3798 ex·

1115 3860 1324 3919 crescentia
