2908 4862
441 357 512 450 604
643 363 714 434 ct.
742 366 784 434 V.
809 365 987 436 MORBI
1017 363 1213 446 Torlcl

485 545 547 644 Sp.
572 542 606 618 6.
632 546 769 617 Hernia
787 549 975 624 Ovalorr's.

483 727 624 796 Tumor
637 725 675 796 in
690 727 878 824 superiore
891 742 928 800 et
939 729 1090 803 interna
1100 735 1253 808 femoris
1264 754 1355 838 porte

433 865 550 944 prope
562 845 785 954 perinaeum,
801 870 844 917 ex
860 848 1038 922 intestino
1063 852 1253 952 praecipue
1275 856 1355 949 ileo,

433 966 659 1064 quandoque
684 967 794 1037 etiam
824 968 998 1064 portione
1021 973 1150 1044 vesioae
1170 975 1353 1068 urinariae,

429 1111 498 1186 per
511 1079 674 1156 foramen
684 1077 794 1158 'orale
808 1088 897 1160 ossis
914 1083 1021 1163 ischii
1036 1106 1236 1188 protruso,
1249 1111 1353 1169 ortus.

428 1205 580 1278 Morbus
597 1207 733 1296 rarior,
751 1207 878 1304 potius
895 1208 935 1278 in
952 1203 1120 1284 foeminis
1137 1237 1255 1310 quam
1275 1217 1356 1288 rir'o

428 1350 636 1398 occurrens.

426 1493 509 1562 Srn.
537 1487 673 1557 Hernia
687 1481 878 1556 foraminis
895 1481 1020 1560 ovalis.

533 1651 674 1671 ......
698 1651 862 1694 ff-
897 1609 1025 1704 magni
1054 1493 1230 1698 ischitl
1287 1571 1352 1630 ‘¹⁶¹‘

475 1787 538 1882 Sp.
567 1809 599 1882 7.
626 1783 761 1854 Hernia
776 1749 1027 1880 Epigoslrr'co.

468 1959 612 2030 Tumor
630 1957 692 2049 ad,
719 1955 776 2030 vel
792 1981 909 2056 prope
924 1957 1062 2032 lineam
1084 1963 1237 2060 albam,
1263 1973 1355 2046 inter

421 2077 671 2176 cartilaginem
696 2077 942 2176 xyphoideam
960 2093 997 2151 et
1018 2083 1249 2164 umbilicum
1271 2143 1281 2182 ,
1313 2119 1353 2166 ex

418 2212 570 2269 omento
583 2213 648 2271 aut
661 2199 837 2282 intestino
854 2198 911 2272 vel
928 2214 1114 2301 utroque,
1130 2223 1169 2280 et
1185 2213 1353 2308 quando-

415 2339 491 2412 que
507 2317 616 2388 etiam
634 2341 719 2386 oum
739 2317 936 2390 ventriculi
949 2326 1145 2419 portione,
1171 2355 1280 2406 sacco
1295 2359 1355 2434 pe·

416 2435 559 2504 ritonaei
584 2432 765 2521 inclusis,
791 2433 849 2504 vel
866 2435 980 2512 nudis
997 2467 1067 2541 per
1088 2443 1267 2524 fissuram
1291 2469 1357 2526 aut

414 2551 552 2626 vulnus
570 2553 759 2652 peritonaei
774 2556 966 2650 protrusis.

462 2757 525 2854 Sp.
553 2754 586 2827 8.
613 2753 747 2832 Heruia
767 2755 807 2828 V
805 2760 970 2831 encratis.

459 2938 600 3006 Tumor
613 2932 660 3004 ad
675 2932 771 3006 latus
788 2959 910 3008 onum
927 2937 987 3010 vel
1011 2951 1224 3047 utrumque
1244 2951 1360 3030 linere

409 3055 499 3128 olbae
511 3053 600 3143 ,vel
617 3056 657 3125 in
676 3054 869 3152 ipso'linea
892 3055 1002 3158 albo,¹
1015 3085 1060 3135 ox
1077 3066 1252 3160 ejusdem
1280 3075 1359 3148 dis-

408 3178 588 3264 cessione,
606 3174 652 3246 ab
668 3191 839 3264 omento,
857 3178 1056 3274 intestino,
1070 3186 1131 3258 vel
1147 3193 1357 3294 utrisqw,

407 3321 494 3368 eum
509 3297 707 3394 peritonaeo
723 3297 764 3365 in
778 3319 924 3369 saecum
943 3306 1128 3404 extensis3
1156 3335 1241 3384 non
1267 3341 1357 3388 raro

404 3416 516 3486 etiam
533 3414 613 3484 sine
630 3413 758 3484 eodem
775 3439 819 3484 ex
834 3419 1038 3512 peritonaeo
1054 3425 1264 3504 vulnerato
1285 3461 1359 3534 per

402 3527 574 3602 fissuram
592 3530 845 3604 musculorum
864 3544 1073 3632 protrusis,
1090 3561 1227 3622 ortus:
1250 3555 1359 3625 Sim·

400 3647 508 3750 pler,
522 3649 578 3722 vel
591 3675 677 3723 cum
694 3649 843 3739 fissura,
860 3669 926 3726 aut
936 3659 1193 3755 perforatione
1205 3675 1359 3770 perito-

402 3769 471 3844 naei
481 3822 492 3862 ‚
503 3767 561 3844 vel
569 3793 654 3844 oum
667 3769 834 3872 hydrope
844 3769 1061 3858 abdominis
1079 3789 1358 3890 complicatus.

1214 3913 1289 4010 Se·
1319 3937 1358 4012 o

294 4625 448 4862 l*
554 4585 823 4862 Α
