2756 4850
329 457 372 558 Q.
406 457 475 528 v1.
512 457 779 535 occosns
944 469 1014 564 497

139 651 202 748 Sp.
232 673 265 723 2.
291 647 512 727 Cheiloncus
527 659 752 732 &coroticus
848 651 882 664 '⁴

140 827 282 896 Tumor
298 829 496 925 parvulus,
519 831 689 904 indolens
703 887 717 923 ,
732 831 869 905 lividus
883 887 893 920 ‚
906 838 1014 908 maxi·

89 967 150 1018 me
167 945 206 1015 in
223 945 419 1043 superficie
432 950 578 1022 interna
591 949 684 1052 ladini
700 1005 710 1040 ,
728 977 772 1024 ex
786 953 1014 1028 accumulata

88 1061 243 1161 lympha
265 1081 329 1138 aut
348 1081 493 1140 tumore
511 1071 650 1143 viscoso
676 1072 884 1162 oriundus;
918 1099 1015 1147 nun·

89 1207 201 1280 qnam
218 1187 256 1256 in
274 1185 484 1260 carkinoma
501 1187 649 1280 abiens,
671 1208 708 1266 et
723 1195 905 1274 excisione
918 1219 1012 1268 sem·

89 1325 157 1400 per
169 1303 355 1379 cumhilis.

139 1465 203 1560 Sp.
231 1459 263 1535 3.
289 1463 512 1540 Cheiloncus
527 1471 753 1548 Skirrhoeus.

140 1581 233 1654 Vide
247 1586 421 1660 Skirrlzus
434 1589 541 1662 labri.

137 1745 197 1840 Sp.
226 1743 259 1830 4.
284 1741 508 1819 Cheiloncus
527 1745 858 1822 Cnrkinomaeosus.

138 1859 230 1932 Vide
252 1863 474 1936 carcinoma
492 1865 599 1936 labri.

138 2023 201 2118 sp.
229 2019 262 2092 5.
289 2019 511 2094 Cheiloncus
527 2024 771 2118 Scmsulosus.

138 2177 292 2266 Tumor,
311 2178 495 2276 pmcipue
511 2175 599 2250 labii
614 2179 840 2276 superioris,
855 2185 1019 2271 maxime,

91 2297 130 2370 in
145 2295 378 2394 juvenculis,
398 2321 443 2370 ex
457 2297 548 2370 vitio
561 2293 762 2370 scrofuloso
776 2312 890 2372 ortus.

138 2414 232 2487 Vide
251 2417 418 2490 Choiras.

140 2574 202 2671 Sp.
232 2571 265 2646 6.
293 2573 514 2648 Cheiloncus
529 2579 815 2653 sarcomaiosns.

138 2689 232 2764 Vide
248 2695 433 2767 Samoma.

140 2854 201 2948 Sp.
228 2877 263 2947 7.
286 2851 507 2926 Cheiloncus
528 2855 764 2929 Verrucosus.

139 3010 388 3080 Excrescentia
416 3008 504 3081 labii
535 3012 735 3108 superioris
754 3009 813 3081 vel
833 3005 1018 3082 inferioris

91 3127 206 3216 dura,
226 3125 419 3219 indolens,
439 3127 539 3202 fusca
555 3129 611 3202 vel
630 3132 837 3227 nigricans,
852 3129 1017 3226 quando·

92 3275 166 3350 que
194 3271 350 3340 cornea,
380 3275 471 3356 saepe
494 3251 535 3322 in
563 3273 742 3358 magnum
763 3247 939 3322 volumen
963 3251 1017 3324 in·

94 3393 267 3444 crescens.

140 3529 202 3622 Sp.
231 3525 264 3598 8.
280 3523 514 3605 ‚eheiloncus
533 3533 739 3604 Ulcerosui.

140 3685 280 3755 Tumor
304 3684 489 3759 labiorum
514 3686 763 3775 exulceratus,
794 3683 1018 3784 pierumque

89 3797 324 3896 dolorificus,
340 3809 506 3906 margine
520 3807 617 3882 duro
633 3806 690 3882 vel
710 3803 815 3878 molli
840 3806 996 3903 stipatus
1008 3829 1030 3891 3.

746 3931 779 3997 H
797 3923 823 3996 h
850 3923 871 3996 3
