2792 4852
241 447 284 516 o.
310 443 388 516 ns
412 441 812 518 assensorem.
917 443 990 548 369
1046 469 1049 476 ·

44 585 86 674 β.
123 579 155 652 Δ
177 579 338 654 violenta
356 579 522 678 corporis
544 582 809 674 concussione,
833 588 994 658 maxime

103 701 156 773 ad
190 717 340 774 uterum
376 699 647 790 determinata,
699 703 739 774 in
777 703 992 798 saltatione,

99 845 240 911 cursu,
254 820 528 906 exercitatione,
545 819 731 908 vectione,
746 819 869 920 lapsu,
888 839 991 923 tussi,

99 941 252 1011 vomitu
273 995 284 1026 ‚
316 941 423 1027 risu,
456 939 756 1026 sternutatione,
797 941 993 1040 singultu,

102 1057 393 1150 vociferatione,
418 1058 520 1130 coitu
536 1057 800 1151 immoderato,
821 1065 992 1160 petulan-

101 1181 203 1252 tiore
220 1193 289 1250 etc.
985 1271 988 1279 .

40 1331 76 1397 y.
106 1299 238 1372 Anisa
250 1309 317 1370 aut
334 1297 427 1368 nixu
439 1295 605 1368 violento
623 1297 665 1368 in
677 1295 882 1374 elevatione
896 1329 995 1402 pon-

98 1421 238 1494 derum
250 1471 262 1504 ,
274 1416 487 1490 extensione
504 1430 677 1508 artuum,
693 1421 902 1494 excretione
921 1423 993 1496 alvi
1058 1485 1061 1498 .

98 1539 164 1612 vel
182 1540 320 1626 urinoe,
348 1549 524 1610 tenesmo.

44 1660 77 1730 δ.
106 1655 165 1730 Ab
176 1657 273 1730 uteri
288 1656 560 1754 compressione
575 1679 619 1726 ex
629 1659 830 1730 constricto
841 1675 996 1747 ventre,

97 1791 172 1848 aut
191 1799 237 1848 ex
255 1775 388 1849 vicinis
404 1773 629 1846 tumoribus.

45 1927 71 1968 ε.
101 1897 137 1966 Α
157 1895 431 1992 compressione
452 1890 664 1964 abdominis
691 1890 869 1963 violenta.

44 2031 77 2102 ζ.
107 2027 137 2090 Α
162 2013 334 2087 fulminis
355 2015 433 2084 ictu
452 2025 519 2084 aut
544 2012 788 2083 concussione
811 2011 992 2086 electrica.

44 2168 77 2218 η.
108 2134 168 2208 nb
180 2131 325 2206 orificio
351 2131 447 2204 uteri
466 2131 504 2201 vi
518 2143 664 2228 aperto,
693 2143 760 2202 aut
778 2129 976 2228 perforato.

45 2251 430 2348 &Abinjectionibus
442 2247 674 2321 irritantibus
685 2250 726 2319 in
739 2274 870 2322 cavum
882 2255 993 2330 uteri.

46 2405 67 2445 ι.
102 2372 327 2470 Apessariis
368 2367 539 2460 acribus,
570 2369 724 2440 venenis
746 2386 812 2444 aut
836 2373 992 2448 medica-

97 2493 242 2564 mentis
257 2491 389 2579 variis,
412 2504 562 2562 externe
581 2488 787 2588 applicatis.
911 2498 913 2506 '

47 2645 78 2684 ι.
106 2617 140 2684 Α
158 2611 312 2682 venenis
324 2625 390 2680 aut
410 2609 688 2682 medicamentis
707 2607 876 2699 aeribus,
906 2613 988 2682 irri-

99 2729 273 2804 tantibus
294 2743 362 2800 etc.
389 2730 534 2800 interne
557 2729 765 2827 assumptis.

48 2857 78 2922 λ.
108 2849 331 2932 loomim,
373 2849 465 2922 tussi
501 2846 687 2936 violenta,
718 2851 990 2922 sternutatione

102 2970 314 3068 frequenti,
338 2967 581 3040 convulsione
601 2966 807 3066 epileptica.

101 3191 170 3288 Sp.
198 3210 234 3256 a.
257 3185 415 3256 Ectrosis
446 3187 613 3258 Uarine

105 3383 151 3456 V
147 3403 305 3456 Areua·
329 3407 402 3478 pro
424 3407 542 3488 causo
563 3395 732 3454 remoto.-

50 3589 81 3629 ι.
108 3559 141 3630 Δ
159 3553 365 3641 debilitate,
377 3553 535 3644 laxitate,
553 3555 857 3650 inflammatione,
889 3583 985 3658 spas

101 3703 188 3764 mo,
204 3672 333 3748 dolore
346 3674 470 3748 aliisve
491 3679 590 3750 uteri
600 3677 752 3754 morbis.

51 3797 82 3884 β.
110 3793 171 3866 Ab
192 3791 472 3892 hyperuthesia
490 3799 599 3873 uteri.

152 3937 175 3982 a
