2902 4860
407 421 455 509 34
499 423 569 493 CL.
587 418 907 502 1v,ca01113x1AE
924 419 981 494 ET
1001 421 1263 494 CACOCHYM.

404 563 586 660 lymphae,
613 588 681 660 per
696 559 980 660 haemorrhagias
993 576 1059 631 aut
1075 559 1336 633 haemorrhoeas

405 680 574 778 profusas
593 695 659 752 aut
681 703 748 776 per
769 676 923 749 vulnera
939 680 1058 776 gravia
1077 678 1218 750 inflicta
1228 735 1240 767 ‚
1264 677 1336 749 ori-

403 816 479 872 tur.
499 794 738 897 Oligohaemia
756 797 899 868 diutius
919 795 1059 870 durans
1077 813 1143 870 aut
1160 821 1204 868 ex
1219 794 1337 868 asthe-

407 921 467 991 nia
493 916 654 1016 generali
680 915 737 989 vel
762 919 907 1014 topica,
934 916 991 989 vel
1014 941 1058 988 ex
1084 918 1206 990 inedia
1227 915 1336 1014 longa

406 1053 444 1109 et
468 1021 703 1137 praegrandi,
728 1033 791 1106 sed
815 1034 913 1110 lente
935 1050 1035 1129 orta,
1064 1035 1336 1110 accommodata

407 1154 585 1253 gradatim
597 1177 767 1224 vasorum
779 1155 1042 1242 contractione,
1056 1156 1337 1252 Keneangeiam‚

407 1276 557 1372 proprie
574 1275 625 1345 sic
643 1272 800 1361 dictam,
826 1273 1002 1346 inducere
1026 1276 1157 1374 nequit
1177 1279 1249 1364 (*);
1274 1273 1337 1344 sed

408 1409 500 1465 tunc
511 1391 724 1491 frequenter
739 1418 825 1464 oum
838 1393 1019 1484 dysorasia
1031 1395 1223 1492 sanguinis
1239 1419 1336 1467 com-

407 1509 577 1609 plicatur.

461 1697 656 1770 VARIAr
676 1722 748 1804 pro
772 1721 889 1768 cauea
913 1711 1074 1771 remota:

410 1903 440 1944 a.
468 1881 496 1944 A
519 1869 672 1943 vulnere
693 1873 851 1961 arteriae,
877 1871 935 1948 rel
959 1899 1060 1951 vene
1081 1873 1252 1970 majoris,
1275 1891 1342 1950 aut

465 1993 558 2062 vasis
580 1991 771 2086 cujusdam
789 1992 1027 2066 absorbentis.

410 2114 443 2202 β.
465 2109 520 2180 Ab
535 2107 699 2180 anthenio
713 2133 900 2199 vasorum,
913 2110 960 2181 ab
976 2110 1229 2185 hoemorrhoeis
1242 2128 1307 2186 ant
1320 2139 1342 2184 a

462 2227 736 2302 blennorrhoeis
749 2227 920 2326 profusis.

413 2381 444 2444 γ.
469 2347 526 2418 ab
544 2372 713 2420 eroarone
728 2372 911 2420 vasorum.
1024 2443 1028 2454 Ι

414 2472 443 2541 δ.
470 2467 526 2540 Ab
545 2467 666 2538 inedia
681 2465 858 2565 longiore.

454 2729 503 2812 (⁸)
524 2731 601 2790 Vaaa
612 2731 865 2810 sanguineamque
878 2751 912 2790 ao
931 2749 1001 2790 vaan
1017 2733 1224 2808 absorbentia,
1245 2733 1343 2795 facui-

414 2841 505 2892 tatem
519 2829 669 2912 poaaidant
689 2829 866 2888 diametrum
888 2851 970 2889 auam
988 2831 1182 2892 contrahendi
1197 2841 1227 2892 et
1249 2854 1344 2914 quan·

415 2929 877 2990 ainohumorumcontenaorum
886 2929 1136 2992 accommodandi.
1150 2933 1199 2991 Ex
1210 2933 1265 2992 boo
1275 2934 1346 2992 nien

414 3048 554 3090 vasorum
565 3029 793 3110 aanguineornm
805 3028 837 3088 in
851 3029 1071 3112 baemorrhngiie
1082 3031 1130 3091 vel
1138 3031 1344 3098 baamorrboeia

417 3127 566 3202 violentia,
576 3148 637 3186 aree
646 3147 701 3208 pro
708 3127 861 3188 volumine
870 3129 1030 3190 fluidorum
1042 3131 1073 3190 in
1081 3131 1118 3190 iia
1126 3141 1267 3192 contento
1277 3155 1349 3194 oon.

416 3226 563 3302 trahendi,
574 3225 705 3286 atinboc
715 3235 791 3288 natu
800 3227 933 3288 violento
942 3231 1152 3290 contractionis
1163 3233 1346 3308 remanendi,

417 3325 516 3388 uritur
534 3343 669 3386 eumuna
687 3323 825 3385 nathania
844 3326 1018 3386 muncularia
1037 3328 1157 3406 gradus,
1180 3349 1269 3409 quem
1283 3353 1347 3394 non

418 3443 485 3482 raro
501 3431 568 3502 port
581 3421 786 3484 evacuatione·
799 3423 933 3504 prosum
942 3425 1066 3500 aubitaa,
1093 3436 1157 3488 ane
1167 3435 1218 3492 aut
1240 3437 1348 3492 natura

417 3521 591 3605 productas,
614 3522 646 3584 in
661 3522 743 3602 agria
758 3523 957 3587 observamua.
977 3525 1037 3586 Cor
1050 3533 1080 3588 et
1094 3545 1164 3590 wa
1187 3531 1348 3610 sanguinea

417 3623 451 3682 in
464 3619 522 3680 boo
533 3641 601 3680 caan
613 3663 623 3692 ,
637 3640 656 3679 a
671 3621 874 3686 conlractione
893 3623 1028 3688 abnormi
1043 3636 1256 3708 permanente,
1282 3628 1347 3687 rim

418 3737 557 3778 nerveam
573 3763 581 3790 ‚
596 3718 633 3777 ad
648 3729 761 3778 motum
774 3721 978 3782 musculorum
990 3723 1229 3786 voluntariorum
1244 3746 1348 3786 narao-

418 3817 539 3892 aan'am,
551 3817 709 3878 exhaurire
720 3818 871 3879 videntur.
