2792 4852
387 447 459 535 364
574 449 647 517 CL.
672 449 715 517 V.
741 433 908 516 'Mottm
934 447 1129 518 TOPlCl.
1373 462 1374 554 t

386 589 418 676 β.
447 585 622 680 Avagina
639 585 753 655 nimis
772 583 914 682 ampla,
941 583 1118 675 oetaxata,
1136 585 1298 686 disrupte.

386 737 416 801 y.
434 703 581 777 Arhexi
596 719 662 775 aut
673 703 934 775 dilaceratione
944 703 1073 802 naphis
1086 705 1145 778 vet
1154 709 1302 806 perinaei,

437 825 621 922 praecipue
644 824 683 893 in
697 838 820 921 partu.

386 947 414 1019 t.
442 947 473 1016 Α
497 945 628 1043 vagina
655 944 769 1016 nimis
795 942 909 1015 brevi.

386 1094 412 1138 ε.
441 1067 471 1133 Α
496 1064 625 1160 vagina
643 1064 682 1132 in
708 1077 852 1132 rectum
869 1062 1072 1136 desinente.

385 1194 415 1268 ζ.
438 1188 466 1254 Δ
490 1183 649 1280 pessario
672 1181 712 1250 in
728 1183 899 1280 vaginam
920 1196 1040 1255 astute
1064 1183 1240 1255 immisso.

385 1333 415 1384 η.
442 1304 470 1370 Δ
492 1301 623 1396 vagina
639 1299 810 1396 duplici?

386 1429 421 1492 s.
446 1418 773 1490 Amedicamentis
804 1419 943 1515 vaginte
968 1407 1033 1493 'vel
1062 1433 1171 1494 utero
1194 1419 1305 1521 appli-

434 1555 534 1612 catis.

385 1693 406 1733 ι.
431 1661 595 1732 Animis
617 1656 864 1732 irritabilitate
889 1673 957 1732 aut
985 1659 1227 1734 sensibilitate
1248 1685 1305 1732 va·
1376 1665 1377 1668 ’

436 1783 540 1879 ginae.
645 1847 654 1872 ,

386 1933 415 1971 κ.
442 1901 496 1970 Ab
520 1898 800 1972 insensibilitate
822 1898 998 1995 ejusdem.

383 2027 412 2093 l·
439 2025 475 2094 A
491 2045 672 2093 consensu
699 2022 798 2090 inter
821 2017 1028 2092 clitoridetn
1054 2033 1121 2090 aut
1143 2021 1306 2120 vaginam
1379 2073 1380 2094 t

436 2165 523 2211 cum
538 2141 671 2212 ovariis
698 2140 934 2236 interrupto,
951 2137 1012 2212 vel
1032 2137 1241 2236 deficiente.

333 2367 336 2374 ‚
433 2323 483 2416 Sp
522 2345 556 2388 2.
582 2320 747 2390 Steirosis
767 2322 934 2392 Uterinn.

435 2503 463 2568 A
482 2498 582 2568 vitiis
592 2497 703 2569 variis
714 2494 870 2586 orificii,
886 2496 1056 2586 cervicis,
1067 2513 1134 2570 sut
1146 2499 1307 2572 substan·

384 2618 443 2688 tiae
461 2617 570 2688 nterii
729 2623 735 2634 '
932 2633 937 2640 ·

432 2792 649 2888 VAniAn:
1380 2789 1382 2906 l

380 2995 410 3034 a.
438 2961 494 3032 Ab
525 2960 670 3034 orificio
700 2965 797 3035 uteri
819 2977 993 3036 concreto
1005 2977 1072 3034 aut
1095 2959 1307 3052 clauso,vel

430 3107 474 3153 ex
488 3105 715 3180 quacunque
732 3107 840 3154 causa
857 3081 1060 3155 obstructo.

377 3205 410 3292 β.
437 3204 473 3270 A·
483 3199 704 3272 relaxatione
726 3203 842 3272 nimia
856 3215 920 3271 aut
936 3198 1209 3272 dilaceratione.

377 3349 406 3415 y.
432 3319 571 3390 Acollo
595 3299 692 3391 uteri
718 3320 832 3389 nimis
852 3318 974 3415 longo.

330 3513 336 3526 x
380 3441 407 3511 δ.
436 3439 490 3512 sb
508 3441 632 3510 atonis
643 3453 709 3509 aut
723 3437 770 3508 ab
783 3438 948 3508 astbenia
966 3439 1081 3526 uteri,
1096 3461 1141 3506 ex
1159 3435 1305 3506 baemon

345 3637 349 3650 ,
425 3556 550 3652 rhagia
562 3557 618 3628 vel
632 3555 873 3628 baemorrboea
884 3554 1036 3654 profusa
1049 3610 1058 3644 ‚
1071 3571 1138 3627 aut
1150 3581 1194 3626 ex
1209 3553 1305 3626 blen-

424 3671 621 3772 norrhagia
636 3673 692 3746 vel
714 3675 977 3750 blennorrhoea
997 3673 1183 3750 chronica.

340 3809 344 3818 ’
375 3823 399 3864 ε.
425 3791 616 3868 Adelectu
642 3798 751 3870 uteri.
