2908 4862
409 397 476 500 572
575 399 705 470 cnv.
732 395 906 468 nonsr
931 364 1131 474 romc‘r.

405 540 520 628 xime
551 537 594 622 in
622 539 765 624 tunica
791 517 980 648 reginali
1009 535 1341 646 testiculorum,

405 667 812 782 epididymidimaul
824 667 1083 754 membranae
1096 667 1344 780 albugineae

404 799 694 905 adhaerentes,
714 800 786 886 vel
805 801 850 884 in
875 816 995 888 textu
1008 800 1212 886 eelluloso
1226 799 1345 904 luni·

406 934 491 1019 culi
511 934 773 1048 spermatiei,
800 948 872 1018 aut
893 933 1019 1020 etiam
1036 963 1169 1048 prope
1191 964 1343 1045 annu-

404 1061 497 1150 lum
526 1063 839 1150 abdominalem
869 1066 936 1152 siti
967 1071 1187 1179 (luneque
1219 1095 1340 1179 saepo

403 1193 598 1284 herniam
628 1187 905 1306 mentientes,
934 1196 1008 1282 sed
1039 1196 1346 1287 reductionem

189 1358 198 1378 ·
300 1337 305 1345 “
404 1337 669 1431 recusantes)
682 1361 695 1436 ;
718 1329 816 1412 etin
833 1327 1023 1414 foeminis
1034 1327 1262 1442 aliquando
1278 1331 1346 1418 ad

403 1455 566 1546 labium
586 1460 776 1574 pudendi
796 1461 970 1548 extensi.
996 1461 1254 1576 Plerumque
1277 1493 1346 1554 ex

400 1593 503 1702 nisu
514 1593 704 1678 violento
719 1608 791 1696 eut
803 1591 909 1697 ictu,
926 1592 1066 1707 lapsu,
1082 1595 1346 1682 contusione

405 1726 517 1832 nali3
535 1726 815 1839 quandoque,
837 1727 1051 1840 praecipue
1069 1744 1188 1812 motu
1202 1729 1345 1842 partis

406 1856 603 1966 affeclae,'
620 1878 787 1945 summe
815 1857 1048 1974 dolorifici3
1077 1893 1134 1948 ex
1160 1863 1348 1954 materia

404 1989 451 2074 in
466 1992 756 2078 membranam
770 1992 1015 2080 cellulosum
1029 1995 1101 2080 vel
1112 1993 1349 2106 fibrosam,

406 2119 550 2227 effusa,
571 2125 821 2239 inpartibus
838 2129 1026 2242 corporis
1043 2132 1241 2235 externis,
1261 2135 1350 2222 vel

406 2257 532 2342 etiam
548 2256 802 2370 profundius
819 2261 899 2345 sub
910 2259 1113 2350 musculis
1127 2265 1322 2354 oriundi.

405 2411 486 2480 Sur.
506 2408 703 2503 Hygroma.
722 2411 836 2484 Auel.

308 2559 309 2566 ἵ
453 2569 548 2642 Huc
573 2573 684 2644 etiam
705 2539 910 2668 pertinent:

453 2731 631 2802 Tumores
652 2728 851 2804 bursarum
879 2731 1128 2824 synovialium
1154 2737 1195 2808 in
1222 2739 1348 2816 variis
1449 2809 1450 2828 ,

405 2847 570 2922 articulis
585 2853 749 2950 eorporis
766 2869 1012 2928 occurrentes.

402 3049 445 3124 G.
471 3051 712 3125 cccnxxlv.
785 3055 1029 3130 EYDATIS.

459 3172 520 3243 Gr.
547 3159 664 3253 Ῠδατίς.

459 3351 629 3437 Tumor
639 3351 851 3466 kysticus,
866 3353 1001 3471 figure
1020 3357 1255 3447 vesiculam
1272 3391 1349 3450 roe

400 3485 583 3570 tundam
601 3487 942 3602 autbblongum,
972 3490 1109 3578 elbam
1124 3491 1344 3600 referens,

401 3613 658 3732 plerumque
685 3617 914 3711 humorem
949 3623 1175 3742 limpidum
1207 3631 1347 3716 conri-

397 3773 537 3868 ¹nene,
561 3749 675 3842 lente
701 3784 893 3848 crescens
904 3824 919 3868 ,
947 3757 1143 3850 indolens
1169 3779 1243 3852 eut
1263 3791 1345 3872 pa·

1232 3921 1339 3982 rum
