2756 4850
283 397 326 467 Ο.
365 397 434 472 vl.
471 397 734 472 ONCOSES.
909 397 981 485 425

53 535 302 647 stranguria,
317 535 544 622 accedente
562 534 823 650 plerumque
840 567 985 622 excre-

54 669 163 752 tione
206 668 393 753 materiae
430 666 681 783 puriformis
723 671 893 783 copiosa
932 701 986 754 ex

53 799 223 886 urcthra
242 801 311 910 (*).
340 847 394 863 -
417 801 467 886 In
492 802 598 886 viris
616 816 821 915 praeterea
841 820 986 888 [umor

56 951 96 1017 et
122 935 256 1022 rubor
283 930 428 1020 baiani
455 934 700 1042 abnormis3
722 917 982 1038 erectiones,¹

52 1065 264 1178 praecipue
276 1080 429 1167 noctu,
460 1063 583 1149 solito
608 1061 918 1176 frequentiores
945 1078 988 1149 et

53 1188 218 1281 sum'me
246 1194 492 1282 dolorificae.
966 1181 969 1191 '

101 1343 195 1416 Vide
229 1347 341 1418 etiam
367 1351 410 1421 V.
438 1352 465 1420 1.
493 1372 530 1445 p.
568 1345 648 1446 189,
688 1301 990 1450 Blennorriagra

56 1466 265 1540 urethrolic.

104 1669 165 1764 Sp.
199 1695 230 1736 ι.
256 1667 456 1742 Urethritis
480 1673 653 1768 Simplex.

101 1861 292 1962 Phlogosis
305 1863 530 1936 membranae
544 1887 723 1953 mucosae,
750 1863 910 1936 urethrae
931 1889 987 1936 ca-

59 2007 145 2054 vum
164 1984 316 2056 interne
335 1984 575 2056 investientis.

106 2177 313 2252 ΗΜΛ
339 2203 410 2274 pro
433 2202 551 2248 cauco
571 2192 734 2250 remota:

62 2407 89 2446 a.
113 2377 243 2448 Aviru
271 2375 486 2473 syphilitico
510 2391 577 2448 aut
599 2377 674 2447 acri
689 2399 919 2475 quocunque
937 2401 995 2448 ex·

110 2510 215 2568 terne
235 2495 432 2594 applicato.

64 2617 92 2704 β.
115 2615 172 2686 Ab
193 2613 345 2688 acribus
371 2618 518 2687 interne
538 2617 738 2713 assumptis
766 2669 776 2704 ‚
810 2615 996 2714 praecipue

109 2735 199 2826 lytra
224 2737 438 2808 vesicatoria
458 2749 527 2806 etc.

66 2883 92 2946 y.
116 2853 171 2925 Ab
187 2856 267 2926 acri
284 2852 496 2951 herpetico,
527 2850 696 2950 leproso,
717 2852 915 2952 podagrico
943 2865 1001 2922 etc

112 2997 285 3046 exmassa
297 2971 502 3044 humorum
514 2973 735 3044 metastatice
745 2971 792 3044 ad
810 2971 1001 3044 urerhram

116 3090 298 3190 deposito.

108 3361 199 3444 (⁸)ln
208 3363 448 3425 inflammatione
457 3363 733 3436 urethrrerioiente,
745 3381 784 3422 ex
792 3361 1004 3422 constrictione

74 3464 248 3543 rprrmodion
266 3483 406 3522 verorum
424 3466 605 3524 membrano
622 3485 749 3523 mucosae
763 3463 1005 3536 ceeemrntium,

76 3582 146 3642 rope
163 3563 263 3624 omnic
282 3563 405 3622 secretio
418 3565 499 3624 muci
510 3564 647 3636 eirtitur,
668 3575 697 3622 et
712 3563 796 3624 nulla
817 3562 949 3638 ejusdem
968 3583 1007 3624 ex

78 3661 192 3722 urethrn
202 3663 336 3722 excretio
346 3663 446 3722 locum
458 3663 557 3722 habet.
569 3665 663 3722 Hunc
674 3663 770 3720 morbi
784 3671 894 3722 rictum
907 3671 1008 3721 aucto·

83 3779 127 3818 roc
139 3763 226 3844 vulgo
235 3771 267 3822 et
277 3761 442 3844 improprie
455 3763 668 3824 Gonorrlroeom
686 3765 799 3822 siccam
807 3763 1007 3843 appellarunt.
