2754 4858
294 467 338 536 Ο.
362 467 432 538 vt.
460 463 715 539 ottcosES.
897 462 969 564 529

68 639 144 736 sp.
180 661 236 714 ιο.
262 640 497 728 Osoheoncus
510 646 796 716 Samonmtosus.

70 799 233 870 Tumor
268 801 378 872 scroti
412 797 632 888 chronicus,
671 797 859 888 indolens,
889 803 967 874 cuti

15 914 238 1006 concolor,
259 931 358 989 tactu
377 941 532 989 massam
545 895 713 990 carneam
727 909 907 1009 reserens,
927 925 967 993 in

13 1033 265 1132 quibusdam
279 1036 369 1108 locis
385 1037 549 1128 mollem,
565 1038 604 1108 in
622 1037 704 1110 aliis
720 1035 851 1114 duram
863 1067 873 1128 ;
886 1067 968 1143 pro·

12 1175 163 1250 gressu
190 1151 309 1224 morbi
334 1179 427 1252 saepe
451 1155 498 1228 ad
529 1157 716 1254 ingentem
743 1157 967 1255 magnitudi-

16 1295 117 1342 nem
135 1271 367 1362 innascens,
382 1272 589 1372 pendulus,
605 1299 683 1348 uon
699 1299 780 1350 raro
792 1277 837 1348 ad
847 1303 968 1376 genua

17 1414 170 1488 usque,
189 1391 265 1462 imo
276 1394 386 1466 etiam
401 1393 499 1467 ultra
512 1393 749 1484 descendens,
762 1398 854 1468 vasis
866 1422 967 1495 spen

15 1509 181 1580 maticis
199 1509 311 1584 simul
330 1511 377 1584 ad
392 1510 487 1586 hanc
503 1511 776 1611 longitudinem
789 1513 969 1612 paulatim
1072 1607 1076 1616 Ι

15 1628 213 1716 extensis,
232 1627 457 1727 quaudoque
483 1627 555 1718 50,
578 1655 643 1705 too
662 1644 698 1700 et
706 1629 832 1728 plures
847 1630 970 1704 adhuc

14 1741 140 1818 libras
163 1740 382 1844 ponderans
408 1729 540 1822 :Cutis
562 1762 709 1821 externa
730 1749 841 1820 scroti
869 1747 974 1820 deco·

17 1863 101 1952 lor,
128 1889 280 1958 crassa,
296 1848 447 1966 iugosa,
474 1870 606 1940 crustis
622 1865 725 1941 flavis
739 1919 747 1954 ,
762 1891 972 1966 squammo-

18 1983 70 2054 sis
104 1998 234 2068 tecta,
271 1984 410 2084 quibus
431 1985 598 2058 deciduis
621 1985 826 2057 succedunt
852 1982 971 2056 ulcus·

21 2105 125 2198 cula,
139 2104 312 2180 ichouem
326 2131 446 2182 acrem
460 2103 632 2180 loetidum
649 2103 856 2177 fundentia
873 2107 968 2178 Mor·
1098 2191 1101 2198 Ι

21 2223 100 2298 bue
126 2228 171 2300 in
208 2223 327 2300 Africa
351 2228 486 2326 passim
509 2223 744 2312 endemicus,
779 2249 856 2296 non
886 2243 992 2296 raro‘

22 2369 116 2416 cum
134 2345 401 2444 Elephantopo
416 2344 677 2444 complicatus,
693 2358 761 2417 eta
778 2343 970 2440 degenero·

26 2464 136 2536 tione
178 2477 216 2534 et
246 2465 505 2536 incrassatione
533 2459 711 2564 peculiari
750 2461 971 2534 membranae

29 2581 222 2654 oellulosae
245 2585 340 2656 cutis
363 2585 474 2658 scroti
494 2579 678 2655 oriundus
703 2583 759 2674 C).

31 2725 117 2792 San.
138 2727 308 2792 Samoma
331 2723 452 2797 scroti.

140 2837 337 2910 Samocele.

527 2773 640 2848 Auci.
688 2857 702 2890 ἢ

91 2979 295 3060 Vtum
319 3005 388 3076 pro
410 3005 527 3052 causo
546 2994 708 3056 remoto.-

33 3152 64 3192 α.
95 3119 126 3186 Α
146 3119 238 3191 vitio
253 3115 520 3216 elephantiaco.

34 3240 68 3330 β.
96 3243 123 3308 Α
141 3237 235 3310 vitio
253 3233 477 3336 syphilitico.

76 3463 125 3542 (⁸)
150 3462 212 3524 llic
226 3463 347 3527 morbus
367 3483 386 3522 a
409 3463 540 3524 &noma
561 3463 659 3542 primo
679 3463 857 3544 descriptus,
873 3465 980 3526 deindo

4 3551 8 3568 ’
39 3565 176 3626 metius
190 3584 209 3622 ι
219 3565 348 3626 Luam
357 3563 530 3636 delineetus,
541 3562 650 3634 (Relat.
663 3563 736 3622 dist.
746 3573 775 3622 et
785 3561 978 3644 unnegiselo

35 3663 76 3722 de
91 3661 288 3740 t'esptdittnn
297 3662 334 3722 de
348 3663 468 3723 Parmie
479 3683 517 3722 en
529 3665 649 3742 Egypt«
665 3673 694 3724 et
705 3684 740 3722 en
753 3665 857 3742 Syrie,
876 3665 976 3738 itt-8⁰,

38 3759 143 3834 Paris,
173 3761 245 3822 tssui
258 3757 295 3842 l,
318 3763 372 3842 qui
393 3763 522 3824 eundem
543 3765 632 3824 etiam
644 3763 730 3824 icone
745 3763 927 3838 illustravit,
949 3773 979 3823 et

40 3859 200 3936 excisione,
211 3861 264 3922 vix
278 3869 328 3921 aut
338 3881 375 3920 ne
388 3861 442 3924 vix
454 3861 615 3938 doloriiiee,
631 3862 759 3944 perfecto
769 3863 868 3924 curari
879 3863 974 3924 docet.

696 3960 823 4076 uss
