2688 4850
351 337 426 414 030
525 345 601 415 CL.
636 343 680 414 V·
716 343 893 414 MORBI
927 347 1137 420 1³0?ch

336 483 524 560 eulorum
566 483 823 582 glutaeor‘um,
860 498 927 571 aut
967 483 1210 584 sphincteris
1240 509 1291 554 uz.

351 621 491 700 juncta.
534 663 537 672 .

405 784 470 880 Sp
500 809 533 880 7.
558 781 786 856 Exarthr'osis
805 785 1019 858 costarum.

311 967 315 974 '
408 965 599 1033 Processus
616 959 853 1051 condyloidei
873 975 982 1036 roste
1006 962 1142 1032 unius
1162 958 1220 1030 vel
1234 959 1308 1076 piu}

329 1053 334 1072 ι
359 1083 459 1154 rium
481 1106 502 1152 e
521 1082 699 1176 junctura
717 1105 784 1152 sua
807 1079 969 1152 normali
988 1105 1092 1152 cum
1120 1081 1299 1154 vertebris

363 1203 571 1274 introrsum
581 1201 768 1290 dimotis,
796 1224 884 1274 cum
905 1201 1136 1276 mobilitate
1151 1203 1287 1276 abuorr:

361 1337 400 1392 et
422 1323 579 1420 strepitu
598 1319 670 1394 sub
687 1338 795 1398 motu
810 1323 972 1417 ju‘ucta3
1004 1346 1053 1393 ac
1073 1324 1297 1421 praecipues

362 1466 455 1540 aeger
480 1465 555 1514 sese
572 1457 711 1516 vertere
735 1456 801 1513 aut
817 1443 958 1540 erigere
976 1443 1020 1514 in
1050 1441 1166 1516 lecto
1186 1443 1299 1515 tendit.

364 1560 491 1634 dolore
509 1563 548 1634 in
572 1577 685 1662 parte
699 1559 853 1653 affeetu,
888 1575 998 1634 motu
1018 1559 1142 1636 dorsi
1160 1562 1285 1636 difficu

366 1680 567 1780 dyspnoea,
590 1698 628 1756 et
643 1679 735 1756 t'ussi
748 1683 910 1756 violenta
923 1683 1072 1780 stipata
1091 1709 1105 1774 ;
1124 1707 1220 1783 saepe
1235 1709 1293 1754 so:

368 1801 480 1876 dente
494 1801 606 1878 febre.

419 1986 481 2079 Sp.
508 1989 541 2054 8.
565 1983 796 2060 Exarthrosis
820 1987 1047 2060 claviculae.

422 2161 615 2235 Claviculae
644 2165 854 2238 extremitas
876 2157 1051 2236 anterior
1075 2189 1102 2236 a
1140 2189 1239 2236 nexu
1261 2187 1289 2231 su

374 2307 460 2354 cum
473 2298 617 2375 sterno,
632 2301 841 2358 extrorsum
853 2299 919 2358 aut
931 2285 1163 2356 introrsum
1180 2283 1289 2355 dimot.

375 2400 433 2474 vel
449 2401 614 2496 ejusdem
636 2410 844 2478 extremitas
866 2403 1059 2501 posterior
1078 2427 1106 2474 a
1140 2429 1239 2476 nexu
1262 2429 1289 2472 su

377 2543 465 2592 cum
492 2521 656 2592 acromio
689 2521 846 2620 s'capulae
880 2545 1032 2594 sursum
1064 2521 1136 2594 vel
1163 2523 1301 2596 deorsus.

296 2729 300 2736 ‚
377 2637 582 2737 disjuncta,
607 2667 694 2731 cum
723 2659 870 2718 tumore
893 2658 1048 2716 externe
1075 2644 1298 2746 μηρὼ.

326 2851 329 2858 “
430 2843 492 2938 Sp.
519 2866 554 2937 9.
580 2839 829 2913 Exarthrorsis
851 2841 1019 2916 Homeri.

429 3019 588 3118 Condyli
611 3008 712 3094 ossis
727 3019 877 3096 humeri
900 3046 922 3094 e
944 3019 1031 3092 sede
1053 3044 1134 3094 sua
1166 3045 1251 3094 cum
1271 3040 1302 3086 o·

379 3144 492 3215 ritate
504 3139 694 3242 gieuoidea
708 3138 886 3238 scapulae,
903 3140 1121 3238 praeprimis
1139 3141 1302 3216 deorsum·

381 3264 502 3336 rarius
517 3279 730 3336 antrorsum
748 3275 815 3334 aut
830 3275 1064 3360 postrorsum
1084 3261 1260 3334 dimotio-
1270 3291 1300 3308 ··

383 3383 428 3452 In
439 3383 555 3478 priori
566 3395 665 3471 casu,
675 3382 861 3480 precipue
878 3405 965 3454 mox
979 3395 1065 3478 post
1081 3378 1299 3453 luxationes-

384 3515 549 3576 tumore
569 3501 729 3593 condylo
751 3502 791 3574 in
809 3527 897 3574 cavo
916 3499 1034 3574 axillae
1057 3501 1169 3572 inter
1187 3515 1297 3570 rumor

302 3664 306 3671 ·
384 3619 466 3691 lum
496 3647 653 3719 parvum
678 3621 913 3711 rotundum,
941 3635 979 3693 et
1003 3617 1296 3718 subscapuurer·

387 3739 574 3841 simulque
590 3743 780 3848 perceptio
803 3742 969 3821 caritatis
990 3739 1192 3816 abnormis
1215 3737 1294 3808 inu·
