2782 4860
292 413 336 487 0.
366 411 439 486 I'X.
476 409 779 488 Lluflttsus,
936 409 1003 484 165

79 687 289 767 ucctw.
385 689 908 824 EllTEROLITHIASIS.¹

124 849 185 918 Gr.
213 839 456 948 Esuspulilt'antc,
482 848 532 940 ab
557 859 669 950 ἔντερον
695 851 933 944 intestinum,
960 870 998 930 et
1063 805 1068 818 ⁴

79 971 204 1054 tutan
227 971 415 1068 generatio
438 969 581 1045 calculi.

133 1225 294 1313 Calculi
325 1228 373 1313 iu
404 1228 664 1316 ventriculo·
680 1229 753 1314 vel
785 1230 997 1316 intestinis

78 1355 298 1446 hominum
338 1361 500 1468 rarius,
538 1363 584 1448 in
621 1361 874 1448 animalibus
912 1361 999 1447 sre-

79 1492 273 1603 queutius
286 1561 300 1602 ,
328 1495 418 1599 nati
435 1526 450 1604 3
470 1498 711 1608 apepsiam‚
741 1495 1001 1610 hypereme-

80 1626 203 1730 siam,·
231 1624 507 1740 dyscoiliam,
526 1644 567 1713 et
594 1628 767 1714 tandem
787 1627 996 1713 ischocoi·

78 1753 187 1868 liam,
226 1757 501 1872 euteralgiam
528 1773 607 1843 etc.
641 1773 872 1856 causantes,

123 1962 337 2036 Hicfsetum
349 1979 481 2037 notatu
495 1963 772 2062 dignissimum,
782 1963 1000 2060 ammoy

81 2079 273 2172 detectum,
285 2107 489 2166 memorare
505 2085 691 2162 uunvenit.
704 2081 872 2164 Calculus
883 2103 998 2180 equo·

82 2223 157 2273 rum
175 2203 381 2277 aliorumve
397 2203 616 2276 animalium
636 2201 918 2276 herbivororum
938 2226 998 2274 vas

80 2321 147 2392 rius
163 2323 306 2414 analysi
328 2323 499 2396 chemicae
522 2323 724 2419 subjiciens
746 2320 904 2410 didicit,
930 2317 1000 2391 esl-

81 2439 175 2514 culos
197 2443 385 2515 urinarius
409 2442 544 2515 hurum
563 2441 792 2514 animalium
820 2464 925 2526 nou,
956 2451 1000 2508 ut

82 2557 116 2627 in
129 2557 301 2651 homine,
321 2585 365 2633 ex
382 2577 505 2650 urate,
519 2560 748 2660 phosphate,
771 2573 837 2630 aut
859 2557 999 2632 oxatats

81 2681 333 2768 ammoniam,
349 2681 468 2770 sudu,
493 2679 623 2768 calcis,
649 2679 712 2752 sed
736 2703 781 2750 ex
806 2675 1003 2748 carbonata

82 2794 179 2868 ulcis
208 2801 432 2896 compositos
447 2823 546 2888 esse,
570 2799 663 2870 dum
693 2796 825 2870 calculi
853 2817 998 2867 eorum·

81 2912 157 2986 dem
173 2918 393 2989 animalium
410 2919 637 2992 intestinales
659 2943 703 2991 ex
726 2914 999 3018 phosphstibus

82 3051 255 3127 coustant3
270 3039 379 3132 cujus
396 3041 611 3136 oppositum
630 3039 675 3110 iu
693 3037 849 3109 homine
872 3035 996 3118 locum

81 3151 207 3228 habere
221 3157 383 3230 videtur.

125 3273 260 3348 Calculi
276 3299 370 3374 saepu
388 3277 427 3347 in
444 3277 653 3350 ventriculo
675 3274 836 3362 lelium,
857 3297 968 3345 suum
989 3327 999 3364 ‚
1117 3282 1121 3295 “

81 3389 185 3464 boum
199 3397 452 3494 reperiuntur.
478 3401 548 3468 Eos
565 3399 632 3494 qui
657 3399 696 3468 in
714 3393 923 3466 ventriculo
937 3419 1000 3466 au·

84 3507 233 3608 tilopum
260 3527 511 3616 generantur,
542 3537 563 3584 a
598 3515 732 3585 Graecis
757 3511 1002 3611 AEgagropilus

83 3629 276 3725 appellatus
298 3639 313 3722 ί
323 3630 370 3702 ab
388 3643 526 3730 ἅιγαγρος
543 3634 708 3732 untilupe
727 3661 758 3706 s.
776 3657 886 3732 capra
900 3632 1000 3722 lesu,

84 3761 116 3822 et
128 3757 210 3834 πῆος
231 3751 433 3849 globulus)
451 3777 496 3826 ex
516 3754 702 3830 radicibus
718 3753 931 3855 plantarum
945 3775 1002 3826 va·
