2792 4852
367 391 408 456 0.
434 385 500 454 VI.
525 383 595 452 ΟΝ
603 381 786 452 COSES.
958 373 1029 459 405
1131 411 1134 420 ,

59 598 280 626 mm
402 625 405 632 A

24 771 188 876 on.
240 771 310 878 v,
344 773 410 877 o.
445 745 539 873 vl.
590 761 1027 896 ONCOSES,

346 999 421 1054 seu
445 965 789 1054 TUMORES.

24 1291 26 1296 .
59 1221 219 1295 SEGT.
242 1221 279 1294 Ι.
303 1211 1025 1296 TUMORESINFLAMMATORII.

24 1447 25 1450 ’
62 1437 103 1508 Α.
135 1389 458 1529 Pammenem(
470 1432 533 1502 Gr.
560 1435 748 1524 Φλογίσματα
773 1429 894 1522 Hipp.
908 1421 935 1520 ).

24 1691 26 1694 ’
127 1669 409 1783 Phlogoses,
444 1700 518 1753 seu
537 1669 751 1753 Tumores
783 1665 1026 1750 inflamma·

68 1805 173 1888 torii
188 1803 461 1888 membranae
472 1799 698 1908 cellularis,
715 1798 787 1884 vel
801 1795 1026 1910 glandulae,

71 1953 148 2020 aut
182 1935 373 2022 visceris
415 1935 740 2044 cujuscunque,
782 1932 828 2014 in
852 1947 1027 2014 externa

74 2067 283 2182 eorporis
305 2059 533 2179 superficie
550 2078 814 2178 apparentes.
1118 2049 1122 2064 ’

78 2321 122 2388 G.
149 2321 315 2390 CCCIll.
437 2313 812 2388 PHLEGMONE.'

126 2457 198 2526 Gr.
225 2463 408 2551 Φλεγμονή,
435 2462 567 2554 εφλεγω
593 2455 775 2543 incendo,
809 2455 1024 2528 inflammo:

80 2571 284 2673 Phlogosis
307 2601 336 2648 a.
361 2573 617 2646 inflammatio.

133 2795 315 2881 Tumor
345 2796 700 2883 inflammatorius
728 2799 774 2881 in
801 2799 917 2882 corio
950 2829 1025 2882 seu

80 2929 229 3014 tunica
250 2929 425 3042 adiposa
441 2931 575 3037 cutis,
595 2931 751 3034 durus,
769 2930 1024 3046 plerumque

81 3059 376 3170 sphaeroideus
403 3079 444 3147 et
471 3065 517 3146 in
554 3061 768 3176 fastigium
804 3064 1023 3174 elevatum

81 3195 345 3312 quandoque
380 3195 461 3281 late
495 3221 571 3304 per
599 3215 734 3282 totum
778 3197 1023 3282 membrum

83 3323 290 3436 diffusus,
315 3361 416 3416 cum
435 3331 573 3415 calore
592 3351 634 3416 et
652 3332 809 3419 rubore
831 3332 996 3416 intenso
1008 3397 1022 3435 ,

86 3455 234 3550 dolore
258 3465 470 3576 pulsatili,
504 3481 721 3578 pungente
736 3464 809 3548 vel
827 3466 1023 3574 tensiv03

87 3609 237 3697 sponte
252 3614 294 3680 et
307 3595 428 3685 facile
446 3600 489 3682 in
506 3615 747 3714 apostema,
769 3627 878 3710 saepe
893 3599 1021 3682 etiam

89 3716 132 3806 in
156 3723 387 3836 solemnio,
411 3747 483 3818 aut
506 3733 552 3818 in
575 3761 845 3846 gangraenam
862 3730 1018 3816 abiens.
