2782 4860
302 331 344 399 o.
381 327 428 400 x.
464 325 826 418 nusosrosrs.
952 324 1021 398 aaa

94 497 118 538 ι.
157 465 505 558 Abartcrrysmato,
527 465 650 542 ulcere
665 467 886 556 inveterato,
910 465 1024 542 carti-
1078 545 1081 560 ¹

156 601 307 660 uomate
324 588 458 660 vicino.

92 735 128 776 ι.
156 709 187 776 Δ
213 707 306 780 vitio
333 705 497 808 corporis
532 705 765 808 syphilitico2
799 703 1024 796 serotutoso,

149 825 373 901 scorbutico.

94 952 126 1017 λ.
150 949 182 1020 A
208 947 391 1020 metastaai
415 945 524 1019 varia.

151 1103 216 1201 Sp.
248 1127 278 1174 ι.
304 1103 425 1176 Carica
439 1106 556 1182 Sicco.

152 1263 254 1332 Oscis
285 1263 476 1360 corruptio
505 1283 568 1332 seu
591 1283 691 1332 mors
717 1261 800 1333 siue
822 1260 1033 1333 excretione

100 1377 180 1450 ulla
210 1377 397 1468 humoris,
424 1382 464 1452 in
490 1403 625 1479 quaos
646 1377 905 1468 denudatum,
937 1401 1030 1475 saepe

98 1495 230 1569 album
241 1550 252 1589 ‚
264 1500 403 1572 siccum
417 1554 427 1590 ‚
440 1515 476 1572 et
490 1498 576 1572 laeve
592 1523 773 1600 apparens
787 1553 797 1588 ,
810 1501 846 1570 vi
860 1481 942 1572 vita
956 1498 1030 1595 pri-

99 1631 230 1688 vatum
259 1634 297 1690 et
325 1621 477 1718 incapax
492 1635 545 1692 est
566 1645 652 1692 cum
668 1618 836 1720 partibus
856 1617 1033 1692 mollibus

101 1739 239 1810 vicinis
268 1737 504 1831 coharendi3
537 1763 731 1839 progressu
766 1738 889 1812 morbi
915 1761 1032 1838 quan·

102 1855 230 1955 doque
248 1859 288 1928 in
303 1860 437 1930 cariem
457 1857 650 1929 humidam
664 1855 803 1928 abiens.

150 2019 215 2114 Sp.
244 2043 278 2088 a.
304 2017 426 2088 Caries
442 2015 629 2090 Humido.

156 2176 257 2246 Ossis
272 2173 485 2248 substantia
508 2176 719 2274 corruptio,
735 2197 821 2248 cum
836 2189 982 2248 tumore
995 2189 1033 2246 et

103 2289 235 2364 dolore
259 2297 376 2392 partis
391 2291 535 2366 assectas
559 2296 755 2392 Progressa
778 2295 903 2368 morbi
929 2295 1035 2368 deoo·

104 2408 413 2485 loratioetulcus
436 2415 598 2514 partium
627 2412 799 2484 mollium
824 2417 1030 2486 vicinarum
1170 2467 1176 2484 .

105 2529 255 2620 rebelle,
266 2529 424 2622 fuscum,
441 2531 677 2606 foraminulis
688 2532 874 2632 pluribus,
888 2535 1030 2606 saniem

109 2673 229 2722 acrem
244 2653 501 2750 nigricantem,
510 2677 655 2725 summe
668 2649 1033 2742 soetidam‚fundens;

107 2788 173 2846 aut
197 2772 318 2848 ulcus·
338 2791 508 2873 apertum
535 2775 738 2848 tuberculis
762 2775 926 2848 carnosis
947 2772 1032 2847 suu·
1084 2795 1087 2804 ’

105 2894 202 2990 gosis
223 2907 394 2965 notatum
411 2927 420 2982 3
445 2899 496 2965 Oa
510 2893 740 2966 denudatum
765 2897 953 2993 nigricans
968 2911 1035 2966 aut

107 3011 258 3108 nigrum
287 3038 295 3082 ε
322 3011 469 3112 Specilli
501 3013 777 3084 introductione
806 3010 1035 3110 inaequalitas

107 3143 172 3200 aut
184 3135 361 3232 asperitas
379 3135 468 3206 ossis
480 3133 702 3232 plerumque
715 3129 874 3203 evidens.

110 3307 154 3378 o.
178 3311 364 3387 cccxiv.
440 3265 898 3384 osrnonrcnosrss

160 3429 221 3498 Gr.
239 3435 408 3530 Νὲιρωσις,
434 3456 553 3522 mors,
579 3447 615 3504 et
634 3433 730 3502 ὀστέον
747 3453 788 3500 os
802 3455 809 3498 :
823 3427 924 3502 Mora
938 3429 1037 3500 ossis.

169 3585 289 3671 Ossis
304 3658 316 3697 ,
334 3592 522 3676 maxime
542 3591 679 3694 tibiae,
701 3587 933 3702 aliquando
950 3587 1039 3674 sine
1095 3583 1098 3590 ’

116 3719 277 3826 praevio
304 3735 473 3806 tumore
493 3736 566 3808 aut
583 3719 759 3822 foetore,
785 3717 1040 3822 exsiccatio,
