2792 4852
328 186 334 226 t

360 407 433 480 366
526 410 599 478 CL.
630 409 673 478 V.
704 405 879 476 MORBI
915 409 1120 492 TOPICI.

415 611 478 707 Sp.
504 606 537 680 3.
565 607 732 678 steirosis
765 607 939 680 Ovarica.

412 772 632 847 an:

360 967 391 1005 α.
417 929 609 1002 Adefectu
638 931 851 1003 ovariorum
890 929 948 1003 vel
987 929 1166 1004 tubarum
1209 961 1279 1008 oon

411 1065 512 1125 nato.

359 1179 391 1267 β.
419 1172 477 1243 Ab
498 1171 681 1242 excisione
698 1184 764 1241 aut
798 1172 1043 1269 extirpatione
1072 1173 1292 1250 eorundem.

359 1324 387 1387 γ.
413 1297 441 1361 A
460 1288 560 1362 tubis
572 1287 751 1360 ambabus
766 1291 972 1388 impewiis,
998 1295 1191 1365 concietis.

363 1415 391 1482 δ.
417 1405 642 1504 Arigiditate
664 1407 853 1480 tubarum.

336 1533 341 1538 “
362 1559 388 1600 ε.
414 1526 605 1600 Aselerosi
626 1526 838 1596 ovariorum
856 1523 914 1596 vel
929 1524 1118 1597 tuberum.

360 1659 389 1733 ζ.
421 1645 479 1717 Ab
505 1645 710 1717 secretione
737 1641 971 1716 fimbriarum
1004 1645 1182 1718 tubarum
1207 1671 1290 1719 cum
1382 1680 1383 1694 ¹

411 1767 555 1837 ovariis.

362 1917 390 1966 η.
417 1886 449 1954 A
464 1880 609 1954 defectu
623 1903 825 1953 consensus
838 1881 1050 1952 ovat-iorum
1065 1895 1102 1952 et
1119 1881 1291 1954 tubarum

413 2026 499 2074 cum
526 2017 651 2088 utero,
668 2002 817 2097 vagina,
834 2016 900 2072 aut
920 2000 1100 2074 clitoride.

363 2131 397 2196 Β.
417 2119 470 2192 Ab
484 2133 586 2190 aetate
600 2124 819 2217 praematur'a
831 2134 897 2192 aut
908 2121 1021 2192 nimis
1033 2117 1172 2204 adulta,

295 2279 297 2286 ·
363 2275 383 2314 ι.
419 2245 593 2311 Avenere
610 2253 840 2337 praematura.

363 2395 391 2436 κ.
416 2359 470 2433 Ab
492 2383 638 2431 excessu
657 2361 803 2432 veneris
823 2375 888 2432 aut
903 2359 1172 2458 aselgetripsiae.

365 2489 392 2556 t.
419 2491 446 2554 A
464 2481 732 2551 constitutione
746 2481 913 2579 corporis
925 2483 1151 2580 viraginum.

365 2635 396 2697 μ.
415 2599 472 2671 Ab
491 2598 736 2672 irritabilitate
749 2599 807 2672 vel
830 2599 1068 2674 sensibilitate
1084 2601 1295 2672 ovariornm

416 2721 544 2791 nimia.
671 2697 678 2702 ι

366 2869 392 2910 ν.
423 2837 476 2908 Ab
500 2835 789 2909 inirritabilitate
808 2837 867 2910 vel
891 2837 1171 2914 insensibilitate
1194 2835 1296 2910 tuba·

419 2981 505 3028 rum
520 2955 577 3030 vel
590 2958 813 3030 ovariorum.

367 3085 397 3160 ξ.
424 3079 573 3150 Acoitn
599 3075 805 3149 dolorifieo.

369 3227 396 3269 ο.
422 3201 450 3269 A
474 3199 574 3270 vitiis
605 3198 721 3268 coitui
747 3195 907 3268 naturali
928 3197 1076 3286 aversis,
1101 3207 1296 3266 consuetu·

423 3317 511 3388 dine
528 3318 738 3388 contractis.
1033 3321 1037 3328 '

368 3467 402 3510 π.
426 3442 456 3508 A
480 3435 757 3508 medicamentis
780 3449 845 3508 aut
869 3435 1047 3520 venenis,
1066 3429 1296 3504 internisve!

419 3555 822 3642 externis‚sterilitatem
838 3552 1114 3638 inducentibus,
1126 3573 1190 3624 aut
1201 3547 1283 3620 serti

420 3673 515 3744 litati
530 3675 681 3744 aversis:
694 3673 917 3772 Camphora,
932 3669 1090 3770 plumbo
1104 3683 1174 3741 etc.

371 3827 399 3894 ρ.
425 3793 481 3867 Ab
500 3793 670 3890 atrophia
694 3797 918 3900 ovayiorum.
