2756 4850
254 425 274 464 x
363 401 438 492 486
549 397 1125 473 cL.v.-Moee1'r0e1m.

362 538 514 612 duritiei
532 534 605 608 fere
621 533 795 632 lapideae,
813 530 1038 620 immobilis,
1061 532 1223 620 duleum
1248 535 1316 634 ple-

362 683 525 758 rumque
541 682 561 729 a
580 679 687 728 causa
711 657 859 725 interna
884 652 1046 740 latente,
1074 651 1138 725 vel
1167 679 1221 724 ex
1247 679 1315 726 em·

362 785 495 886 phraxi
516 785 697 856 viscerum
723 777 1021 850 abdominalium
1045 775 1235 849 evidente
1253 795 1315 850 etc.

362 922 490 992 ortus3
508 905 548 975 in
563 902 884 1000 degenerationem
902 897 1122 972 substantiae
1140 925 1315 972 mamma

364 1042 401 1100 et
424 1024 571 1098 tandem
595 1026 634 1094 in
656 1019 869 1094 carkinoma
885 1019 1025 1094 abiens.
1052 1019 1225 1102 Morbus
1245 1047 1315 1094 ma·

229 1164 236 1176 '
364 1149 462 1220 xime
481 1143 646 1216 foeminis
675 1140 885 1214 declinante
910 1157 1015 1214 aetate
1044 1140 1248 1230 infestus,
1276 1143 1316 1214 ab

363 1262 629 1358 adenoscierosi
649 1284 830 1350 mammae,
844 1276 1072 1351 steatomate,
1086 1277 1314 1350 sai-comate,

364 1381 628 1478 hydroliystide
649 1382 710 1478 (*),
733 1396 799 1453 aut
823 1380 999 1479 hydatide
1017 1405 1201 1455 mammae
1219 1383 1313 1456 solli·

355 1503 437 1575 ¹cite
453 1497 754 1600 distinguendus.

327 1643 332 1652 ·
409 1623 500 1696 Vide
521 1646 633 1722 supra
654 1622 832 1697 Skirrdus
858 1623 1051 1698 Mammoe.

415 1823 478 1919 Sp.
494 1819 534 1891 6.·
556 1821 767 1892 Mastoncus
787 1821 1130 1894 cartinomaeosus.

414 1939 505 2012 Vide
522 1962 635 2038 supra
650 1963 688 2038 p.
712 1939 792 2035 189.
814 1939 1048 2032 Cc’vkinoma
1061 1942 1270 2016 Mammoe.

411 2127 474 2224 Sp.
505 2149 537 2219 7.
563 2121 778 2193 Mastoncus
800 2121 1090 2216 Gangroenodes.

414 2325 555 2391 Tumor
572 2343 741 2390 memmae
756 2315 895 2406 durus,
912 2341 1000 2390 mox
1012 2316 1060 2390 ab
1076 2318 1199 2390 initio
1211 2315 1317 2390 dolo·

366 2435 518 2524 adicus,
539 2437 672 2510 coloris
693 2437 901 2538 purpurei,
927 2439 1001 2507 cito
1028 2459 1230 2524 crmcens;
1254 2433 1317 2508 sed

365 2558 406 2629 in
425 2556 680 2654 phlegmaticis
704 2573 770 2629 aut
795 2555 1007 2631 declinante
1031 2571 1137 2629 aetate
1168 2555 1320 2628 lentius

364 2655 627 2777 nrogtediens,
667 2675 883 2776 frequenter
912 2676 1027 2750 simul
1047 2701 1137 2748 cum
1160 2689 1320 2750 tumore

361 2797 625 2896 glandularum
660 2797 944 2870 subaxiiiarium
977 2797 1148 2894 ejusdem
1187 2799 1320 2872 lateris

360 2919 515 3014 junctus
526 2975 535 3004 ‚
548 2945 640 3018 saepe
654 2919 701 2990 ab
715 2919 875 2992 incautis
884 2943 955 3017 pro
973 2917 1239 2992 carkinomate
1254 2919 1318 2992 ha-

362 3033 474 3110 bitus.
490 3037 580 3110 Vide
601 3041 779 3116 Anthrax
799 3065 981 3113 niammoe.

403 3305 445 3376 (⁸)
454 3305 516 3363 Hie
525 3313 627 3364 tumor
635 3325 834 3366 mammarum
844 3314 985 3380 necatus,
992 3305 1154 3364 humorem
1165 3305 1316 3386 lympha·

361 3401 455 3460 ticum
484 3403 661 3478 continent,
682 3404 776 3466 dunat
787 3449 796 3480 ,
820 3406 1005 3486 quandoque
1028 3403 1234 3480 doloriiicau,
1269 3423 1319 3464 η-

361 3499 431 3572 ber,
446 3501 479 3560 in
490 3511 594 3562 eentro
608 3503 804 3582 prominent,
823 3505 927 3584 ibique
938 3503 1079 3577 mollior,
1093 3503 1270 3584 aliqnando
1285 3505 1319 3562 in

361 3598 447 3658 nicus
459 3597 618 3679 fungosum
629 3585 732 3664 abiem
745 3651 753 3680 ,
772 3625 856 3686 mque
868 3626 902 3664 ac
914 3613 1087 3665 steatomata
1097 3613 1130 3662 et
1141 3615 1319 3664 uanum

362 3717 498 3758 mammae
514 3717 589 3781 aaepe
604 3722 621 3761 a
642 3706 795 3784 praetibm
815 3705 891 3766 levis
906 3689 1011 3784 indidi
1026 3723 1098 3768 cam
1117 3703 1250 3770 ikinho
1263 3715 1318 3764 aut

364 3801 566 3866 entinomne
578 3805 655 3866 maie
663 3805 903 3868 confunduntur.
