2810 4860
404 409 476 500 254
500 415 1243 496 cn.1v.cacunxmnrcncocnmt

402 581 610 636 manuum
637 551 806 638 insolita
844 568 887 637 et
925 583 1100 640 cnesmo
1120 557 1331 669 peculiari

402 686 447 770 in
483 683 608 789 secie,
645 687 813 797 quasia
846 684 927 769 tela
956 717 1120 773 araneae
1149 689 1194 772 in
1234 700 1331 772 aere

402 815 606 902 volitante
646 818 733 902 cuti
770 815 1048 924 adhaereute;
1106 847 1225 904 nunc
1256 849 1332 931 pe·

403 947 504 1034 dem
535 977 672 1034 unum
706 947 944 1034 alterumve
969 949 1223 1034 simultanee
1259 951 1332 1034 vel

403 1079 639 1164 alternatim
667 1076 875 1186 afficiens,
907 1079 1132 1164 autetiam
1162 1111 1331 1192 genua,

401 1210 475 1298 vel
491 1243 642 1298 manus
660 1228 734 1297 aut
759 1211 976 1313 cubitum,
1009 1213 1145 1296 rarius
1168 1210 1331 1298 hume·-

402 1373 519 1446 rum,
541 1373 691 1428 coxam
710 1359 783 1430 aut
800 1343 968 1428 lumbos
987 1373 1228 1458 occupans,
1263 1345 1331 1430 fa-

403 1473 482 1560 cile
515 1474 659 1560 eedem
679 1490 859 1560 mutans.
886 1471 1029 1560 AEtate
1064 1479 1329 1589 provectiori

403 1621 446 1704 et
462 1636 639 1718 corpore
666 1605 799 1718 magis
819 1604 1063 1714 debilitato,
1093 1637 1207 1720 saepe
1226 1639 1330 1692 cum

402 1739 622 1826 affectione
665 1739 849 1853 partium
887 1738 1155 1824 internarum
1196 1739 1330 1826 alter-

400 1902 531 1981 nans,
565 1873 814 1979 autetiam,
847 1867 942 1954 loco
976 1871 1330 1977 extremitatum,

402 2001 454 2086 ad
471 2033 619 2110 rencs,
636 2003 847 2102 vesicam,
867 2001 1161 2086 ventriculum
1172 2066 1185 2108 ,
1196 2003 1331 2088 intes-

401 2133 511 2236 tina,
525 2130 681 2242 hepar,
697 2130 945 2244 pulmones,
965 2149 1093 2244 caput
1109 2147 1186 2218 etc.
1203 2133 1332 2218 uber·

362 2343 367 2356 .
399 2293 511 2369 rans,
528 2264 781 2377 eademque,
800 2263 933 2376 vulgo
955 2264 1036 2348 sub
1050 2265 1227 2350 nomine
1243 2268 1332 2352 Po·

401 2399 551 2510 dagroe
565 2395 802 2496 anomale,
817 2395 1070 2507 irregularis
1089 2395 1161 2480 vel
1177 2401 1332 2482 utoni-

398 2561 483 2633 cae,
504 2527 613 2615 male
635 2545 678 2612 et
695 2557 785 2614 non
803 2559 899 2616 raro
918 2529 1045 2612 etiam
1059 2527 1330 2638 periculose,

399 2661 595 2748 afficiens.
607 2661 810 2747 Adultior
822 2660 1012 2766 morbus,
1034 2658 1222 2744 articulis
1241 2659 1332 2746 lon·

398 2795 504 2906 giori
521 2809 709 2906 tempore
723 2790 897 2896 affectis,
915 2789 1171 2903 rigiditatem
1187 2805 1230 2874 et
1247 2791 1330 2875 im·

397 2923 675 3036 mobilitatem
693 2921 921 3028 inducens,
936 2919 1183 3033 frequenter
1197 2922 1330 3006 etiam

398 3052 937 3160 concretioueccalculosas,
950 3050 1083 3163 vulgo
1097 3049 1241 3136 nodos
1251 3085 1330 3138 sen

267 3241 271 3252 ·
397 3191 551 3308 tophos
563 3188 716 3289 dictos,
728 3202 823 3300 post
835 3184 1156 3297 serelinquens3
1171 3215 1227 3268 ex
1242 3187 1331 3300 qui·

395 3323 476 3408 bus
493 3336 643 3436 sponte
657 3319 791 3432 ruptis
806 3316 1036 3402 substantia
1053 3313 1146 3398 alba
1156 3377 1171 3417 ,
1189 3315 1299 3400 dura
1315 3381 1329 3420 ,

397 3454 539 3542 colore
565 3469 608 3538 et
628 3449 899 3537 consistentia
916 3462 1075 3532 cretam
1098 3446 1329 3550 aemulans,

398 3584 472 3668 sed
492 3611 642 3670 revera
658 3581 801 3666 salinae
819 3595 980 3663 naturae
1001 3605 1055 3660 ex
1076 3590 1197 3660 urate
1212 3575 1330 3658 eodae

398 3731 471 3800 aut
510 3711 634 3798 calcis
668 3711 936 3828 potissimum
975 3723 1181 3816 contens,
1216 3735 1329 3820 saepe

399 3879 550 3960 magna
578 3848 699 3957 copia
728 3847 826 3932 exit.
