2686 4850
202 426 241 492 ⁸³⁵
276 475 318 546 0.
355 479 398 546 x.
432 454 736 549 aiionnmn.
899 477 968 576 759

50 621 106 680 tus
121 625 185 682 aut
200 609 361 686 frontem
386 613 647 712 deturpantes;
671 615 875 712 praeprimis
891 639 970 711 gra-

50 727 162 818 vidis,
189 729 391 806 difficulter
415 747 479 803 aut
507 731 602 806 maie
625 735 880 824 menstruatis,
907 749 973 808 aut

50 845 380 924 baemorrhoidibus
399 851 654 926 laborantibus
669 853 818 931 insestoe.

103 968 194 1041 Vide
210 972 321 1043 etiam
346 975 501 1072 Alphus
518 980 638 1072 nigra.

53 1111 130 1178 Snt.
150 1107 300 1182 Maculae
315 1108 490 1212 hepaticae
515 1119 627 1190 Auct.

96 1270 146 1344 A.
174 1271 310 1366 Tawny
331 1269 508 1347 blotches.

107 1393 152 1461 G.
172 1390 309 1462 Taches
325 1387 551 1491 hipatiquea.

102 1513 167 1583 Ge.
184 1509 423 1585 [aeherssecke.

108 1669 142 1742 5.
169 1667 269 1742 Kelis
289 1677 424 1758 fusca.
542 1661 545 1668 Ι

106 1794 207 1864 Gall.
236 1795 319 1864 Une
337 1797 476 1866 Tanne.
554 1885 557 1892 Ι

104 1949 266 2042 Macula,
288 1967 354 2024 aut
378 1951 614 2026 tuberculum
636 1950 884 2050 superficiale,
909 1975 982 2022 ma·

59 2070 157 2140 xime
172 2071 211 2140 in
227 2067 337 2158 facie,
355 2069 471 2144 limbo
480 2071 683 2171 palpebra,
702 2097 790 2144 naso
802 2087 867 2143 aut
878 2095 984 2168 gena,

59 2187 227 2279 fuscum,
246 2189 460 2279 flavescens,
479 2209 544 2265 aut
557 2189 773 2281 rubescens,
798 2195 986 2290 magnitu-

60 2307 148 2380 dine
164 2307 346 2384 lentioulae
360 2313 422 2386 sed
437 2313 668 2412 inaequalium
683 2339 775 2411 saepe
791 2337 856 2410 per
872 2313 986 2382 vitam

62 2431 103 2500 in
127 2431 255 2504 eodem
273 2448 371 2505 statu
392 2437 633 2532 penmanens‘;
657 2433 720 2506 sed
742 2431 989 2530 quandoque,

62 2552 221 2624 maxime
239 2554 278 2624 in
294 2555 398 2626 aenio
413 2608 424 2642 ,
442 2556 482 2626 in
499 2553 606 2628 ulcus
617 2552 706 2626 mali
721 2552 835 2625 moris
849 2551 988 2624 abiens.

112 2707 147 2776 6.
174 2708 273 2782 Kelis
298 2715 450 2808 Stigma.

114 2831 145 2898 A
159 2851 216 2924 gr.
232 2836 354 2924 Στὲγμα.
382 2895 387 2904 .

114 2985 267 3057 Maeuiae
285 2989 422 3088 exiguae
444 2985 483 3059 in
499 2985 610 3076 facie,
637 2987 695 3060 vel
709 3003 848 3086 puncta
868 2990 996 3082 nigra,

66 3103 115 3178 ab
134 3105 293 3178 humore
313 3107 352 3178 in
377 3105 552 3180 ductibus
569 3108 779 3180 excretoriis
802 3103 996 3202 glandula·

67 3251 155 3298 rum
171 3225 401 3299 sebacearum
417 3230 513 3300 cutis
526 3243 717 3328 stagnante
730 3242 767 3298 et
783 3228 997 3323 inspissato,

69 3359 174 3432 orta3
197 3347 236 3416 in
257 3345 452 3444 superficie
471 3349 566 3420 cutis
588 3371 610 3420 a
629 3345 847 3446 pulveribus
861 3346 997 3418 inaire

69 3464 411 3564 natantibusnigra.

127 3633 160 3698 7.
188 3603 291 3676 Ketis
309 3609 433 3680 Lutea
449 3623 698 3684 manaturum.

122 3759 273 3833 Macula
294 3761 421 3854 luteae,
445 3767 641 3854 tuendos,
662 3765 846 3870 praecipue
865 3789 1000 3844 neona-¹

77 3895 204 3959 torum
224 3881 266 3956 in
291 3907 383 3960 zona
400 3888 539 3964 torrida
557 3893 742 3992 frequens.
