<?xml version="1.0" encoding="UTF-8"?>
<!DOCTYPE html PUBLIC "-//W3C//DTD XHTML 1.0 Transitional//EN"
    "http://www.w3.org/TR/xhtml1/DTD/xhtml1-transitional.dtd">
<html xmlns="http://www.w3.org/1999/xhtml" xml:lang="en" lang="en">
 <head>
  <title>
</title>
<meta http-equiv="Content-Type" content="text/html;charset=utf-8" />
  <meta name='ocr-system' content='tesseract 3.04.00' />
  <meta name='ocr-capabilities' content='ocr_page ocr_carea ocr_par ocr_line ocrx_word'/>
</head>
<body>
  <div class='ocr_page' id='page_1' title='image "./novumnosologiae01swedgoog_0127.png"; bbox 0 0 2784 4856; ppageno 0'>
   <div class='ocr_carea' id='block_1_1' title="bbox 362 369 1208 448">
    <p class='ocr_par' dir='ltr' id='par_1_1' title="bbox 362 369 1208 448">
     <span class='ocr_line' id='line_1_1' title="bbox 362 369 1208 448; baseline 0 -2"><span class='ocrx_word' id='word_1_1' title='bbox 362 369 431 446; x_wconf 82' lang='lat'>136</span> <span class='ocrx_word' id='word_1_2' title='bbox 455 373 522 445; x_wconf 89' lang='lat' dir='ltr'>CL.</span> <span class='ocrx_word' id='word_1_3' title='bbox 535 371 597 444; x_wconf 81' lang='lat' dir='ltr'>lv.</span> <span class='ocrx_word' id='word_1_4' title='bbox 612 369 854 444; x_wconf 72' lang='lat' dir='ltr'>ctanxtn·</span> <span class='ocrx_word' id='word_1_5' title='bbox 872 375 930 445; x_wconf 85' lang='lat' dir='ltr'>ET</span> <span class='ocrx_word' id='word_1_6' title='bbox 944 373 1208 448; x_wconf 76' lang='lat' dir='ltr'>CACOCHYM.</span> 
     </span>
    </p>
   </div>
   <div class='ocr_carea' id='block_1_2' title="bbox 341 487 1299 1691">
    <p class='ocr_par' dir='ltr' id='par_1_2' title="bbox 341 487 1299 1691">
     <span class='ocr_line' id='line_1_2' title="bbox 353 487 1297 612; baseline 0.002 -28"><span class='ocrx_word' id='word_1_7' title='bbox 353 535 399 584; x_wconf 79' lang='lat' dir='ltr'>es</span> <span class='ocrx_word' id='word_1_8' title='bbox 417 509 636 583; x_wconf 81' lang='lat' dir='ltr'>collectione</span> <span class='ocrx_word' id='word_1_9' title='bbox 646 533 750 608; x_wconf 83' lang='lat' dir='ltr'>aquae</span> <span class='ocrx_word' id='word_1_10' title='bbox 764 507 804 582; x_wconf 92' lang='lat' dir='ltr'>in</span> <span class='ocrx_word' id='word_1_11' title='bbox 820 487 1069 610; x_wconf 84' lang='lat' dir='ltr'>duplicaturis</span> <span class='ocrx_word' id='word_1_12' title='bbox 1085 515 1278 612; x_wconf 81' lang='lat' dir='ltr'>peritonaei</span> <span class='ocrx_word' id='word_1_13' title='bbox 1286 567 1297 600; x_wconf 89' lang='lat'>,</span> 
     </span>
     <span class='ocr_line' id='line_1_3' title="bbox 353 629 1291 728; baseline 0.003 -26"><span class='ocrx_word' id='word_1_14' title='bbox 353 629 410 702; x_wconf 82' lang='lat' dir='ltr'>vel</span> <span class='ocrx_word' id='word_1_15' title='bbox 432 630 601 718; x_wconf 87' lang='lat' dir='ltr'>omenti,</span> <span class='ocrx_word' id='word_1_16' title='bbox 621 644 687 700; x_wconf 83' lang='lat' dir='ltr'>ant</span> <span class='ocrx_word' id='word_1_17' title='bbox 707 631 806 702; x_wconf 88' lang='lat' dir='ltr'>inter</span> <span class='ocrx_word' id='word_1_18' title='bbox 823 633 1069 728; x_wconf 83' lang='lat' dir='ltr'>peritonaenm</span> <span class='ocrx_word' id='word_1_19' title='bbox 1087 649 1124 706; x_wconf 84' lang='lat' dir='ltr'>et</span> <span class='ocrx_word' id='word_1_20' title='bbox 1141 658 1291 706; x_wconf 86' lang='lat' dir='ltr'>muscu-</span> 
     </span>
     <span class='ocr_line' id='line_1_4' title="bbox 352 749 1298 851; baseline 0 -27"><span class='ocrx_word' id='word_1_21' title='bbox 352 753 406 825; x_wconf 89' lang='lat' dir='ltr'>los</span> <span class='ocrx_word' id='word_1_22' title='bbox 422 749 698 838; x_wconf 62' lang='lat' dir='ltr'>abdominum,</span> <span class='ocrx_word' id='word_1_23' title='bbox 714 765 780 822; x_wconf 83' lang='lat' dir='ltr'>aut</span> <span class='ocrx_word' id='word_1_24' title='bbox 797 775 842 821; x_wconf 84' lang='lat' dir='ltr'>ex</span> <span class='ocrx_word' id='word_1_25' title='bbox 860 749 1039 850; x_wconf 79' lang='lat' dir='ltr'>hydatide</span> <span class='ocrx_word' id='word_1_26' title='bbox 1051 753 1121 851; x_wconf 74' lang='lat'>(*),</span> <span class='ocrx_word' id='word_1_27' title='bbox 1141 753 1182 826; x_wconf 90' lang='lat' dir='ltr'>in</span> <span class='ocrx_word' id='word_1_28' title='bbox 1206 777 1298 826; x_wconf 82' lang='lat' dir='ltr'>cavo</span> 
     </span>
     <span class='ocr_line' id='line_1_5' title="bbox 353 866 1297 962; baseline -0.001 -19"><span class='ocrx_word' id='word_1_29' title='bbox 353 868 565 944; x_wconf 83' lang='lat' dir='ltr'>abdominis</span> <span class='ocrx_word' id='word_1_30' title='bbox 580 866 762 962; x_wconf 64' lang='lat' dir='ltr'>gradatim</span> <span class='ocrx_word' id='word_1_31' title='bbox 780 869 1009 941; x_wconf 77' lang='lat' dir='ltr'>incrcsccnte</span> <span class='ocrx_word' id='word_1_32' title='bbox 1020 870 1105 958; x_wconf 77' lang='lat' dir='ltr'>,vel</span> <span class='ocrx_word' id='word_1_33' title='bbox 1122 871 1236 942; x_wconf 85' lang='lat' dir='ltr'>etiam</span> <span class='ocrx_word' id='word_1_34' title='bbox 1253 895 1297 942; x_wconf 85' lang='lat' dir='ltr'>ex</span> 
     </span>
     <span class='ocr_line' id='line_1_6' title="bbox 354 985 1297 1087; baseline -0.001 -26"><span class='ocrx_word' id='word_1_35' title='bbox 354 989 499 1075; x_wconf 85' lang='lat' dir='ltr'>o&#39;variis,</span> <span class='ocrx_word' id='word_1_36' title='bbox 511 1001 577 1060; x_wconf 84' lang='lat' dir='ltr'>aut</span> <span class='ocrx_word' id='word_1_37' title='bbox 590 985 857 1086; x_wconf 85' lang='lat' dir='ltr'>tubisFallopii</span> <span class='ocrx_word' id='word_1_38' title='bbox 869 987 927 1060; x_wconf 81' lang='lat' dir='ltr'>vel</span> <span class='ocrx_word' id='word_1_39' title='bbox 943 1003 1052 1062; x_wconf 81' lang='lat' dir='ltr'>utero</span> <span class='ocrx_word' id='word_1_40' title='bbox 1064 988 1297 1087; x_wconf 73' lang='lat' dir='ltr'>hydropicis,</span> 
     </span>
     <span class='ocr_line' id='line_1_7' title="bbox 352 1105 1299 1205; baseline 0.002 -28"><span class='ocrx_word' id='word_1_41' title='bbox 352 1121 491 1178; x_wconf 83' lang='lat' dir='ltr'>ortum.</span> <span class='ocrx_word' id='word_1_42' title='bbox 504 1106 725 1204; x_wconf 84' lang='lat' dir='ltr'>ln&#39;bydrope</span> <span class='ocrx_word' id='word_1_43' title='bbox 738 1119 879 1178; x_wconf 86' lang='lat' dir='ltr'>saccato</span> <span class='ocrx_word' id='word_1_44' title='bbox 892 1105 1118 1196; x_wconf 71' lang='lat' dir='ltr'>abdominis,</span> <span class='ocrx_word' id='word_1_45' title='bbox 1130 1121 1299 1205; x_wconf 87' lang='lat' dir='ltr'>sympto-</span> 
     </span>
     <span class='ocr_line' id='line_1_8' title="bbox 354 1215 1299 1325; baseline 0.002 -28"><span class='ocrx_word' id='word_1_46' title='bbox 354 1242 451 1298; x_wconf 82' lang='lat' dir='ltr'>mata</span> <span class='ocrx_word' id='word_1_47' title='bbox 475 1230 602 1300; x_wconf 87' lang='lat' dir='ltr'>omnia</span> <span class='ocrx_word' id='word_1_48' title='bbox 620 1227 757 1299; x_wconf 85' lang='lat' dir='ltr'>leviora</span> <span class='ocrx_word' id='word_1_49' title='bbox 771 1241 884 1316; x_wconf 85' lang='lat' dir='ltr'>sunt,</span> <span class='ocrx_word' id='word_1_50' title='bbox 900 1215 1109 1298; x_wconf 54' lang='lat' dir='ltr'>ct&#39;hsbitus</span> <span class='ocrx_word' id='word_1_51' title='bbox 1125 1227 1299 1325; x_wconf 79' lang='lat' dir='ltr'>oerporis</span> 
     </span>
     <span class='ocr_line' id='line_1_9' title="bbox 353 1345 1297 1443; baseline 0.004 -27"><span class='ocrx_word' id='word_1_52' title='bbox 353 1371 446 1443; x_wconf 82' lang='lat' dir='ltr'>saepc</span> <span class='ocrx_word' id='word_1_53' title='bbox 459 1345 582 1421; x_wconf 86' lang='lat' dir='ltr'>bonus</span> <span class='ocrx_word' id='word_1_54' title='bbox 597 1346 816 1434; x_wconf 84' lang='lat' dir='ltr'>continuat,</span> <span class='ocrx_word' id='word_1_55' title='bbox 834 1346 944 1430; x_wconf 78' lang='lat' dir='ltr'>urina</span> <span class='ocrx_word' id='word_1_56' title='bbox 963 1348 1025 1418; x_wconf 82' lang='lat' dir='ltr'>vix</span> <span class='ocrx_word' id='word_1_57' title='bbox 1042 1371 1063 1418; x_wconf 82' lang='lat' dir='ltr'>a</span> <span class='ocrx_word' id='word_1_58' title='bbox 1078 1360 1179 1420; x_wconf 83' lang='lat' dir='ltr'>statu</span> <span class='ocrx_word' id='word_1_59' title='bbox 1202 1371 1297 1421; x_wconf 83' lang='lat' dir='ltr'>sano</span> 
     </span>
     <span class='ocr_line' id='line_1_10' title="bbox 353 1469 1298 1570; baseline 0.001 -28"><span class='ocrx_word' id='word_1_60' title='bbox 353 1470 546 1560; x_wconf 84' lang='lat' dir='ltr'>recedens,</span> <span class='ocrx_word' id='word_1_61' title='bbox 563 1471 626 1559; x_wconf 81' lang='lat' dir='ltr'>sed</span> <span class='ocrx_word' id='word_1_62' title='bbox 642 1469 791 1556; x_wconf 79' lang='lat' dir='ltr'>tandem</span> <span class='ocrx_word' id='word_1_63' title='bbox 807 1495 853 1540; x_wconf 86' lang='lat' dir='ltr'>ex</span> <span class='ocrx_word' id='word_1_64' title='bbox 866 1485 981 1570; x_wconf 85' lang='lat' dir='ltr'>rupto</span> <span class='ocrx_word' id='word_1_65' title='bbox 992 1494 1099 1546; x_wconf 86' lang='lat' dir='ltr'>sacco</span> <span class='ocrx_word' id='word_1_66' title='bbox 1115 1495 1195 1547; x_wconf 87' lang='lat' dir='ltr'>non</span> <span class='ocrx_word' id='word_1_67' title='bbox 1211 1495 1298 1546; x_wconf 87' lang='lat' dir='ltr'>raro</span> 
     </span>
     <span class='ocr_line' id='line_1_11' title="bbox 341 1589 837 1691; baseline 0.002 -32"><span class='ocrx_word' id='word_1_68' title='bbox 341 1617 519 1691; x_wconf 76' lang='lat' dir='ltr'>¹syncope</span> <span class='ocrx_word' id='word_1_69' title='bbox 535 1607 570 1664; x_wconf 89' lang='lat' dir='ltr'>et</span> <span class='ocrx_word' id='word_1_70' title='bbox 589 1616 689 1663; x_wconf 89' lang='lat' dir='ltr'>mors</span> <span class='ocrx_word' id='word_1_71' title='bbox 703 1589 837 1662; x_wconf 78' lang='lat' dir='ltr'>subita.</span> 
     </span>
    </p>
   </div>
   <div class='ocr_carea' id='block_1_3' title="bbox 356 1762 1298 2552">
    <p class='ocr_par' dir='ltr' id='par_1_3' title="bbox 360 1762 1296 1982">
     <span class='ocr_line' id='line_1_12' title="bbox 408 1762 1296 1864; baseline 0.005 -30"><span class='ocrx_word' id='word_1_72' title='bbox 408 1767 472 1860; x_wconf 79' lang='lat' dir='ltr'>Sp.</span> <span class='ocrx_word' id='word_1_73' title='bbox 503 1762 538 1835; x_wconf 85' lang='grc'>6.</span> <span class='ocrx_word' id='word_1_74' title='bbox 569 1763 740 1860; x_wconf 85' lang='lat' dir='ltr'>Hydrops</span> <span class='ocrx_word' id='word_1_75' title='bbox 766 1763 861 1836; x_wconf 87' lang='lat' dir='ltr'>uteri</span> <span class='ocrx_word' id='word_1_76' title='bbox 901 1767 1236 1864; x_wconf 79' lang='lat' dir='ltr'>(Hydrolsystcm</span> <span class='ocrx_word' id='word_1_77' title='bbox 1267 1789 1296 1838; x_wconf 74' lang='lat' dir='ltr'>s</span> 
     </span>
     <span class='ocr_line' id='line_1_13' title="bbox 360 1886 636 1982; baseline -0.007 -26"><span class='ocrx_word' id='word_1_78' title='bbox 360 1886 636 1982; x_wconf 75' lang='lat' dir='ltr'>hydrometra).</span> 
     </span>
    </p>

    <p class='ocr_par' dir='ltr' id='par_1_4' title="bbox 356 2025 1298 2260">
     <span class='ocr_line' id='line_1_14' title="bbox 406 2025 1298 2143; baseline 0.009 -30"><span class='ocrx_word' id='word_1_79' title='bbox 406 2045 468 2113; x_wconf 91' lang='lat' dir='ltr'>Gr.</span> <span class='ocrx_word' id='word_1_80' title='bbox 482 2031 685 2142; x_wconf 77' lang='grc' dir='ltr'>,Ῠδρομήτρα,</span> <span class='ocrx_word' id='word_1_81' title='bbox 707 2042 754 2114; x_wconf 82' lang='lat' dir='ltr'>ab</span> <span class='ocrx_word' id='word_1_82' title='bbox 775 2029 863 2141; x_wconf 75' lang='grc' dir='ltr'>Ῠδωρ</span> <span class='ocrx_word' id='word_1_83' title='bbox 891 2067 1009 2143; x_wconf 85' lang='lat' dir='ltr'>aqua,</span> <span class='ocrx_word' id='word_1_84' title='bbox 1026 2057 1063 2116; x_wconf 85' lang='lat' dir='ltr'>ct</span> <span class='ocrx_word' id='word_1_85' title='bbox 1091 2025 1191 2142; x_wconf 61' lang='lat' dir='ltr'>ulcus</span> <span class='ocrx_word' id='word_1_86' title='bbox 1214 2061 1298 2122; x_wconf 85' lang='lat' dir='ltr'>utc-</span> 
     </span>
     <span class='ocr_line' id='line_1_15' title="bbox 356 2161 766 2260; baseline -0.01 -26"><span class='ocrx_word' id='word_1_87' title='bbox 356 2188 441 2234; x_wconf 90' lang='lat' dir='ltr'>rus:</span> <span class='ocrx_word' id='word_1_88' title='bbox 469 2161 640 2260; x_wconf 83' lang='lat' dir='ltr'>Hydrops</span> <span class='ocrx_word' id='word_1_89' title='bbox 657 2163 766 2260; x_wconf 79' lang='lat' dir='ltr'>uteri.</span> 
     </span>
    </p>

    <p class='ocr_par' dir='ltr' id='par_1_5' title="bbox 356 2330 1297 2552">
     <span class='ocr_line' id='line_1_16' title="bbox 401 2330 1295 2440; baseline 0.009 -34"><span class='ocrx_word' id='word_1_90' title='bbox 401 2341 544 2409; x_wconf 80' lang='lat' dir='ltr'>Tumor</span> <span class='ocrx_word' id='word_1_91' title='bbox 571 2335 800 2436; x_wconf 80' lang='lat' dir='ltr'>hypogsstrii</span> <span class='ocrx_word' id='word_1_92' title='bbox 826 2337 865 2405; x_wconf 93' lang='lat' dir='ltr'>in</span> <span class='ocrx_word' id='word_1_93' title='bbox 894 2330 1087 2425; x_wconf 69' lang='lat' dir='ltr'>foeminis,</span> <span class='ocrx_word' id='word_1_94' title='bbox 1109 2342 1295 2440; x_wconf 79' lang='lat' dir='ltr'>paulatim</span> 
     </span>
     <span class='ocr_line' id='line_1_17' title="bbox 356 2451 1297 2552; baseline 0.007 -26"><span class='ocrx_word' id='word_1_95' title='bbox 356 2477 540 2543; x_wconf 74' lang='lat' dir='ltr'>crcsccus,</span> <span class='ocrx_word' id='word_1_96' title='bbox 553 2456 650 2526; x_wconf 86' lang='lat' dir='ltr'>uteri</span> <span class='ocrx_word' id='word_1_97' title='bbox 668 2451 824 2552; x_wconf 82' lang='lat' dir='ltr'>figuram</span> <span class='ocrx_word' id='word_1_98' title='bbox 840 2452 1024 2548; x_wconf 78' lang='lat' dir='ltr'>referens3</span> <span class='ocrx_word' id='word_1_99' title='bbox 1043 2457 1297 2552; x_wconf 78' lang='lat' dir='ltr'>ischomeuis3</span> 
     </span>
    </p>
   </div>
   <div class='ocr_carea' id='block_1_4' title="bbox 353 2601 1305 3252">
    <p class='ocr_par' dir='ltr' id='par_1_6' title="bbox 360 2601 1292 2638">
     <span class='ocr_line' id='line_1_18' title="bbox 360 2601 1292 2638; baseline 0.008 -18"><span class='ocrx_word' id='word_1_100' title='bbox 360 2601 1292 2638; x_wconf 73' lang='lat'><em>·——-=·-.·---—-—·--—-—----.--.</em></span> 
     </span>
    </p>

    <p class='ocr_par' dir='ltr' id='par_1_7' title="bbox 353 2670 1305 3252">
     <span class='ocr_line' id='line_1_19' title="bbox 394 2670 1305 2764; baseline 0.015 -33"><span class='ocrx_word' id='word_1_101' title='bbox 394 2670 436 2746; x_wconf 73' lang='lat'>(⁸)</span> <span class='ocrx_word' id='word_1_102' title='bbox 457 2672 546 2759; x_wconf 74' lang='lat' dir='ltr'>Undc</span> <span class='ocrx_word' id='word_1_103' title='bbox 558 2671 700 2752; x_wconf 78' lang='lat' dir='ltr'>Hydmps</span> <span class='ocrx_word' id='word_1_104' title='bbox 712 2671 926 2752; x_wconf 66' lang='lat' dir='ltr'>Hydatidosus</span> <span class='ocrx_word' id='word_1_105' title='bbox 936 2679 1025 2738; x_wconf 84' lang='lat' dir='ltr'>Auct.</span> <span class='ocrx_word' id='word_1_106' title='bbox 1042 2679 1162 2742; x_wconf 84' lang='lat' dir='ltr'>Tumor</span> <span class='ocrx_word' id='word_1_107' title='bbox 1174 2703 1215 2744; x_wconf 81' lang='lat' dir='ltr'>ex</span> <span class='ocrx_word' id='word_1_108' title='bbox 1227 2683 1305 2764; x_wconf 77' lang='lat' dir='ltr'>hy·-</span> 
     </span>
     <span class='ocr_line' id='line_1_20' title="bbox 355 2771 1291 2858; baseline 0.013 -28"><span class='ocrx_word' id='word_1_109' title='bbox 355 2771 453 2840; x_wconf 83' lang='lat' dir='ltr'>dstidc</span> <span class='ocrx_word' id='word_1_110' title='bbox 466 2772 938 2854; x_wconf 82' lang='lat' dir='ltr'>unsqnandoqneiuimmcnssm</span> <span class='ocrx_word' id='word_1_111' title='bbox 959 2777 1069 2837; x_wconf 79' lang='lat' dir='ltr'>molem</span> <span class='ocrx_word' id='word_1_112' title='bbox 1088 2780 1291 2858; x_wconf 68' lang='lat' dir='ltr'>increscente,</span> 
     </span>
     <span class='ocr_line' id='line_1_21' title="bbox 353 2871 1292 2956; baseline 0.01 -22"><span class='ocrx_word' id='word_1_113' title='bbox 353 2873 406 2934; x_wconf 80' lang='lat' dir='ltr'>sed</span> <span class='ocrx_word' id='word_1_114' title='bbox 426 2873 531 2954; x_wconf 75' lang='lat' dir='ltr'>snpius</span> <span class='ocrx_word' id='word_1_115' title='bbox 548 2891 583 2931; x_wconf 84' lang='lat' dir='ltr'>cs</span> <span class='ocrx_word' id='word_1_116' title='bbox 600 2871 732 2952; x_wconf 86' lang='lat' dir='ltr'>pluribus</span> <span class='ocrx_word' id='word_1_117' title='bbox 750 2871 939 2951; x_wconf 76' lang='lat' dir='ltr'>hydatidrbus</span> <span class='ocrx_word' id='word_1_118' title='bbox 952 2877 1110 2956; x_wconf 76' lang='lat' dir='ltr'>suparntis,</span> <span class='ocrx_word' id='word_1_119' title='bbox 1130 2881 1181 2940; x_wconf 84' lang='lat' dir='ltr'>vel</span> <span class='ocrx_word' id='word_1_120' title='bbox 1202 2883 1292 2942; x_wconf 75' lang='lat' dir='ltr'>etism</span> 
     </span>
     <span class='ocr_line' id='line_1_22' title="bbox 356 2971 1293 3054; baseline 0.01 -20"><span class='ocrx_word' id='word_1_121' title='bbox 356 2993 393 3036; x_wconf 81' lang='lat' dir='ltr'>ss</span> <span class='ocrx_word' id='word_1_122' title='bbox 405 2972 595 3054; x_wconf 80' lang='lat' dir='ltr'>bydstidibus</span> <span class='ocrx_word' id='word_1_123' title='bbox 605 2991 656 3031; x_wconf 83' lang='lat' dir='ltr'>sen</span> <span class='ocrx_word' id='word_1_124' title='bbox 672 2971 808 3034; x_wconf 75' lang='lat' dir='ltr'>vrsicnlis</span> <span class='ocrx_word' id='word_1_125' title='bbox 825 2974 1095 3052; x_wconf 66' lang='lat' dir='ltr'>numerosissimis,</span> <span class='ocrx_word' id='word_1_126' title='bbox 1119 2983 1293 3042; x_wconf 76' lang='lat' dir='ltr'>rsoemstins</span> 
     </span>
     <span class='ocr_line' id='line_1_23' title="bbox 354 3069 1294 3162; baseline 0.004 -28"><span class='ocrx_word' id='word_1_127' title='bbox 354 3075 436 3152; x_wconf 78' lang='lat' dir='ltr'>inter</span> <span class='ocrx_word' id='word_1_128' title='bbox 461 3093 493 3134; x_wconf 85' lang='lat' dir='ltr'>ss</span> <span class='ocrx_word' id='word_1_129' title='bbox 515 3069 750 3145; x_wconf 66' lang='lat' dir='ltr'>coherentibus,</span> <span class='ocrx_word' id='word_1_130' title='bbox 778 3069 955 3162; x_wconf 71' lang='lat' dir='ltr'>pellucidis,</span> <span class='ocrx_word' id='word_1_131' title='bbox 980 3073 1140 3151; x_wconf 66' lang='lat' dir='ltr'>bunuorum</span> <span class='ocrx_word' id='word_1_132' title='bbox 1163 3099 1294 3162; x_wconf 79' lang='lat' dir='ltr'>squemn</span> 
     </span>
     <span class='ocr_line' id='line_1_24' title="bbox 356 3170 1291 3252; baseline 0.005 -17"><span class='ocrx_word' id='word_1_133' title='bbox 356 3173 578 3236; x_wconf 72' lang='lat' dir='ltr'>continentibus</span> <span class='ocrx_word' id='word_1_134' title='bbox 590 3179 714 3232; x_wconf 77' lang='lat' dir='ltr'>constat.</span> <span class='ocrx_word' id='word_1_135' title='bbox 741 3170 915 3250; x_wconf 80' lang='lat' dir='ltr'>Hydotides</span> <span class='ocrx_word' id='word_1_136' title='bbox 930 3171 1107 3252; x_wconf 80' lang='lat' dir='ltr'>frequenter</span> <span class='ocrx_word' id='word_1_137' title='bbox 1122 3176 1156 3236; x_wconf 92' lang='lat' dir='ltr'>in</span> <span class='ocrx_word' id='word_1_138' title='bbox 1167 3181 1291 3240; x_wconf 72' lang='lat' dir='ltr'>cerebro</span> 
     </span>
    </p>
   </div>
   <div class='ocr_carea' id='block_1_5' title="bbox 355 3271 1290 3867">
    <p class='ocr_par' dir='ltr' id='par_1_8' title="bbox 355 3271 1290 3867">
     <span class='ocr_line' id='line_1_25' title="bbox 357 3271 1290 3354; baseline 0.002 -16"><span class='ocrx_word' id='word_1_139' title='bbox 357 3277 461 3338; x_wconf 82' lang='lat' dir='ltr'>orium</span> <span class='ocrx_word' id='word_1_140' title='bbox 469 3281 628 3346; x_wconf 79' lang='lat' dir='ltr'>occurant,</span> <span class='ocrx_word' id='word_1_141' title='bbox 637 3271 717 3332; x_wconf 81' lang='lat' dir='ltr'>unde</span> <span class='ocrx_word' id='word_1_142' title='bbox 728 3272 848 3332; x_wconf 85' lang='lat' dir='ltr'>morbus</span> <span class='ocrx_word' id='word_1_143' title='bbox 856 3291 959 3335; x_wconf 88' lang='lat' dir='ltr'>corum</span> <span class='ocrx_word' id='word_1_144' title='bbox 970 3293 1031 3354; x_wconf 87' lang='lat' dir='ltr'>quo</span> <span class='ocrx_word' id='word_1_145' title='bbox 1044 3296 1106 3336; x_wconf 80' lang='lat' dir='ltr'>sese</span> <span class='ocrx_word' id='word_1_146' title='bbox 1116 3285 1290 3340; x_wconf 71' lang='lat' dir='ltr'>constanter</span> 
     </span>
     <span class='ocr_line' id='line_1_26' title="bbox 355 3369 1289 3459; baseline 0 -22"><span class='ocrx_word' id='word_1_147' title='bbox 355 3376 388 3459; x_wconf 79' lang='lat' dir='ltr'>in</span> <span class='ocrx_word' id='word_1_148' title='bbox 402 3393 510 3456; x_wconf 78' lang='lat' dir='ltr'>gyrum</span> <span class='ocrx_word' id='word_1_149' title='bbox 527 3381 669 3442; x_wconf 82' lang='lat' dir='ltr'>vertunt,</span> <span class='ocrx_word' id='word_1_150' title='bbox 688 3369 864 3450; x_wconf 74' lang='lat' dir='ltr'>quaudoque</span> <span class='ocrx_word' id='word_1_151' title='bbox 879 3370 966 3430; x_wconf 79' lang='lat' dir='ltr'>etiam</span> <span class='ocrx_word' id='word_1_152' title='bbox 987 3372 1021 3432; x_wconf 89' lang='lat' dir='ltr'>in</span> <span class='ocrx_word' id='word_1_153' title='bbox 1045 3374 1169 3434; x_wconf 76' lang='lat' dir='ltr'>cembro</span> <span class='ocrx_word' id='word_1_154' title='bbox 1189 3375 1289 3437; x_wconf 85' lang='lat' dir='ltr'>bomi-</span> 
     </span>
     <span class='ocr_line' id='line_1_27' title="bbox 356 3463 1289 3554; baseline 0.004 -24"><span class='ocrx_word' id='word_1_155' title='bbox 356 3493 444 3548; x_wconf 82' lang='lat' dir='ltr'>num,</span> <span class='ocrx_word' id='word_1_156' title='bbox 455 3470 601 3554; x_wconf 70' lang='lat' dir='ltr'>principue</span> <span class='ocrx_word' id='word_1_157' title='bbox 614 3463 762 3528; x_wconf 83' lang='lat' dir='ltr'>iussntum</span> <span class='ocrx_word' id='word_1_158' title='bbox 777 3477 898 3550; x_wconf 68' lang='lat' dir='ltr'>reponas</span> <span class='ocrx_word' id='word_1_159' title='bbox 909 3469 1043 3530; x_wconf 81' lang='lat' dir='ltr'>lucrinit.</span> <span class='ocrx_word' id='word_1_160' title='bbox 1054 3471 1246 3552; x_wconf 80' lang='lat' dir='ltr'>Qusndoqne</span> <span class='ocrx_word' id='word_1_161' title='bbox 1258 3475 1289 3534; x_wconf 87' lang='lat' dir='ltr'>iu</span> 
     </span>
     <span class='ocr_line' id='line_1_28' title="bbox 356 3567 1285 3646; baseline -0.001 -13"><span class='ocrx_word' id='word_1_162' title='bbox 356 3593 430 3638; x_wconf 75' lang='lat' dir='ltr'>mro</span> <span class='ocrx_word' id='word_1_163' title='bbox 443 3568 568 3630; x_wconf 75' lang='lat' dir='ltr'>thoracis</span> <span class='ocrx_word' id='word_1_164' title='bbox 584 3577 612 3627; x_wconf 83' lang='lat' dir='ltr'>et</span> <span class='ocrx_word' id='word_1_165' title='bbox 625 3568 657 3628; x_wconf 89' lang='lat' dir='ltr'>in</span> <span class='ocrx_word' id='word_1_166' title='bbox 671 3567 879 3646; x_wconf 84' lang='lat' dir='ltr'>pulmonibus,</span> <span class='ocrx_word' id='word_1_167' title='bbox 901 3575 954 3625; x_wconf 84' lang='lat' dir='ltr'>sut</span> <span class='ocrx_word' id='word_1_168' title='bbox 968 3567 1001 3626; x_wconf 91' lang='lat' dir='ltr'>iu</span> <span class='ocrx_word' id='word_1_169' title='bbox 1016 3589 1090 3628; x_wconf 80' lang='lat' dir='ltr'>cavo</span> <span class='ocrx_word' id='word_1_170' title='bbox 1102 3569 1285 3646; x_wconf 73' lang='lat' dir='ltr'>abdominis,</span> 
     </span>
     <span class='ocr_line' id='line_1_29' title="bbox 358 3667 1284 3752; baseline -0.006 -14"><span class='ocrx_word' id='word_1_171' title='bbox 358 3675 409 3742; x_wconf 82' lang='lat' dir='ltr'>scd</span> <span class='ocrx_word' id='word_1_172' title='bbox 426 3670 662 3752; x_wconf 80' lang='lat' dir='ltr'>frequentissime</span> <span class='ocrx_word' id='word_1_173' title='bbox 675 3667 707 3728; x_wconf 90' lang='lat' dir='ltr'>iu</span> <span class='ocrx_word' id='word_1_174' title='bbox 725 3677 810 3728; x_wconf 84' lang='lat' dir='ltr'>utero</span> <span class='ocrx_word' id='word_1_175' title='bbox 825 3675 854 3732; x_wconf 86' lang='lat' dir='ltr'>ct</span> <span class='ocrx_word' id='word_1_176' title='bbox 867 3667 978 3728; x_wconf 73' lang='lat' dir='ltr'>orariis</span> <span class='ocrx_word' id='word_1_177' title='bbox 992 3667 1284 3734; x_wconf 79' lang='lat' dir='ltr'>obserrmtnr.Vi‹lc</span> 
     </span>
     <span class='ocr_line' id='line_1_30' title="bbox 355 3767 730 3867; baseline -0.029 -26"><span class='ocrx_word' id='word_1_178' title='bbox 355 3781 443 3867; x_wconf 72' lang='lat' dir='ltr'>stium</span> <span class='ocrx_word' id='word_1_179' title='bbox 456 3773 534 3838; x_wconf 79' lang='lat' dir='ltr'>inln</span> <span class='ocrx_word' id='word_1_180' title='bbox 547 3767 730 3832; x_wconf 75' lang='lat' dir='ltr'>Scoleliasis.</span> 
     </span>
    </p>
   </div>
   <div class='ocr_carea' id='block_1_6' title="bbox 0 0 1397 4856">
    <p class='ocr_par' dir='ltr' id='par_1_9' title="bbox 0 0 1397 4856">
     <span class='ocr_line' id='line_1_31' title="bbox 0 0 1397 4856; baseline 0 0"><span class='ocrx_word' id='word_1_181' title='bbox 0 0 1397 4856; x_wconf 95' lang='lat' dir='ltr'> </span> 
     </span>
    </p>
   </div>
  </div>
 </body>
</html>
