2688 4850
232 415 275 502 o.
312 407 417 500 'vui
458 407 705 504 corolum.
834 477 837 482 -
862 409 929 505 on

10 567 130 638 'versus
160 567 381 640 intestinum
409 581 551 638 rectum
581 581 748 664 spectat,
780 581 818 640 et
841 591 937 668 egre

10 683 171 756 dolorem
181 687 220 756 in
233 683 487 782 hypogastrio,
501 704 673 756 nauseam
685 681 937 784 frequentem

10 827 48 874 ac
59 803 250 900 dysuriam
264 805 387 876 sentit.
407 807 449 872 ln
465 801 687 899 obliquitate
698 829 763 876 seu
782 808 938 880 inclina-

10 925 111 996 tione
126 923 239 998 fundi
257 924 355 996 uteri
372 947 499 1014 versun¹
520 923 723 1020 posteriora
741 934 805 996 ne'u
820 951 861 999 os
882 954 938 1000 sa-

10 1065 115 1114 crum
128 1098 140 1131 ‚
153 1067 246 1140 aegra
259 1057 447 1128 tenesmo,
465 1039 637 1136 dynuria,
651 1042 708 1114 vel
722 1043 834 1114 etium
848 1045 941 1118 isch·-

10 1163 91 1234 uria
104 1163 263 1254 laborat,
277 1177 314 1235 et
326 1159 511 1234 orificium
527 1161 625 1232 uteri
635 1161 706 1234 alte
724 1187 851 1236 versus
863 1189 942 1237 ossa
1039 1145 1042 1155 ,

10 1277 122 1374 pubis
144 1305 263 1380 eupm
295 1283 452 1356 vesicam
489 1279 708 1354 inclinatum
741 1285 939 1381 inpetitur.

10 1401 52 1468 In
68 1399 290 1500 obliquitate
306 1423 372 1481 eeu
391 1400 635 1475 inclinatione
651 1401 760 1474 fundi
780 1409 877 1478 uteri
893 1408 943 1480 ud

10 1513 106 1590 latus
129 1519 329 1609 dextrum,
351 1517 541 1590 orificium
557 1521 655 1592 uteri
672 1520 720 1592 ad
739 1519 837 1594 lutus
853 1527 942 1595 sini·

10 1647 148 1728 strum,
168 1664 314 1712 versum
333 1655 409 1728 est;
429 1653 465 1712 et
483 1638 522 1708 in
543 1638 764 1736 obliquitate
780 1639 825 1712 ad
848 1638 944 1714 latus

10 1753 229 1846 sinistrum,
253 1743 442 1828 orificium
462 1758 559 1828 uteri
579 1755 627 1826 ad
649 1755 747 1830 lutus
770 1757 943 1830 dextrum
1019 1753 1025 1770 ’

11 1893 160 1948 versum
183 1877 387 1963 invenitur.

64 2041 112 2110 G.
140 2037 332 2136 Obliquite
350 2021 446 2109 dela
463 2037 624 2107 matrice.

63 2157 134 2231 Ge·
147 2155 400 2254 Umbeugung
411 2155 480 2226 'der
496 2155 757 2254 geburmutter.

15 2353 58 2422 G.
83 2359 261 2428 CCCXCI.
369 2357 702 2428 ECTROPlUM.

65 2475 130 2548 Gr.
162 2469 351 2576 Βιτρόπιον,
382 2473 429 2548 ab
460 2480 492 2546 ἐκ
519 2488 752 2570 extrorsum,
790 2487 827 2544 et
855 2474 950 2572 'rpe'iru

17 2609 133 2669 verto.

76 2775 364 2867 Extraversio
385 2778 508 2864 limbi
536 2777 752 2892 palpebrae
767 2775 954 2879 ,inforio-

20 2907 106 3011 τῖε,
144 2909 214 2994 vel
243 2909 500 3023 superioris,
537 2911 591 2990 ita
624 2925 672 2992 ut
707 2906 955 3020 superficies

21 3041 115 3150 ejus
133 3042 301 3125 interna
321 3039 449 3123 rubra
472 3041 647 3124 externe
667 3053 887 3156 appareat,
916 3052 959 3121 et

21 3172 175 3258 oculus
191 3171 380 3286 perfecte
398 3171 481 3286 tegi
503 3173 687 3284 nequeat
700 3169 768 3274 (*).

74 3327 264 3402 Vssur
284 3351 356 3424 pro
370 3350 488 3396 cauea
504 3335 674 3396 remoto:

23 3493 56 3531 α.
85 3471 114 3536 Α
132 3467 225 3537 vitio
241 3445 425 3562 palpebrae
440 3476 615 3534 connato.

67 3665 113 3746 (⁴¹)
130 3669 278 3748 Palpebrae
297 3667 459 3748 superioris
469 3665 602 3726 inversio
612 3673 782 3728 extrorsum
793 3663 881 3724 etlrm
898 3663 966 3744 qui.

26 3761 151 3824 burdam
164 3765 418 3852 Ingophtbelmut
438 3765 663 3846 (Λαγὼφθιλμον
675 3765 686 3842 >
699 3783 753 3825 teu
765 3759 869 3822 oculue
882 3761 965 3841 lepo-

26 3858 113 3922 rinus
131 3863 227 3927 rudit.
389 3859 394 3866 “

129 3987 152 4038 ²
748 3965 834 4064 ‚Qu
