2792 4852
238 471 281 542 Ο.
305 469 378 540 ΙΙΙ.
401 466 806 545 DYSGENNESIAE.
912 475 984 552 355
1086 471 1088 484 ’

53 610 87 698 β.
114 615 145 682 t
165 606 364 699 modestia,
382 607 548 706 pudore,
571 621 674 680 metu
699 607 788 682 falso
805 612 989 711 impoten-

219 727 288 802 tiae.

56 875 85 938 y.
113 843 171 916 Ab
188 869 312 920 amore
328 837 469 941 ni'mio,
484 861 549 920 aut
565 847 856 947 hyperaesthesia.

57 967 86 1035 δ.
114 965 990 1072 Abimaginationemaleeffecta.VideAthymie

213 1087 474 1160 Phantaatica.

72 1230 96 1270 ε.
124 1199 182 1272 Ab
192 1199 280 1273 idaea
291 1202 475 1300 religiosa.

61 1332 88 1404 ζ.
119 1329 149 1392 A
170 1319 316 1396 fastitlio
333 1326 463 1396 coitus.

60 1473 87 1522 η.
115 1455 145 1513 Α
161 1445 400 1541 Mysogynia,
430 1460 496 1518 aut
511 1449 760 1546 propensitate
779 1451 915 1520 mentis
941 1451 993 1522 vi·

218 1576 320 1632 ttosa.

64 1687 98 1752 Β.
116 1691 145 1752 lt
160 1685 297 1754 mentis
310 1683 519 1754 intensione
528 1685 644 1756 nimia
655 1684 701 1756 ad
711 1682 851 1780 objecta
863 1683 993 1758 aliena·

63 1832 86 1870 t.
113 1800 170 1872 Ab
182 1801 387 1899 antipathia
399 1816 463 1872 aut
475 1804 663 1875 aversione
678 1801 824 1900 objecti.

65 1949 95 1990 ιι.
121 1917 179 1990 Ab
199 1918 382 2017 ingluvie,
401 1917 587 1991 ebrietate.

68 2042 98 2108 λ.
125 2045 154 2110 Α
172 2035 299 2110 dolore
312 2037 476 2110 violento
493 2039 533 2108 in
550 2038 680 2135 quavis
699 2038 864 2138 corporis
878 2049 996 2136 parte.

69 2186 103 2247 μ.
126 2157 155 2225 t
175 2156 275 2226 vitiis
293 2153 474 2228 cerebelli.
833 2239 834 2242 Ἴ

68 2303 97 2342 ν.
123 2283 152 2344 Δ
170 2269 307 2370 frigore
325 2288 475 2346 externo
487 2327 498 2365 ,
512 2275 696 2374 praecipue
709 2273 860 2374 pedum.

71 2434 135 2500 111.
163 2437 453 2502 Srrtrrontrrct.

124 2591 347 2666 VAnrar:
390 2659 394 2668 .

71 2801 101 2840 e
127 2773 156 2840 t
175 2765 306 2838 morbo
320 2768 359 2838 in
375 2766 444 2838 alia
459 2770 624 2866 corporis
639 2784 743 2868 parte
758 2784 945 2869 presente.

77 3066 161 3116 trent
173 3048 276 3129 {unde
286 3050 348 3114 iton
358 3055 455 3114 celum
468 3053 594 3128 erectio,
610 3056 680 3128 ced,
703 3065 739 3114 nt
753 3056 891 3130 videtur,
914 3056 1003 3118 etiam

78 3155 203 3214 secretio
216 3153 335 3212 neminie
346 3172 399 3232 pro
410 3152 510 3230 aliquo
524 3161 657 3230 tempore
672 3153 843 3234 impeditur.
867 3156 934 3212 Hoc
944 3153 1004 3212 tae-

79 3262 146 3311 tum
156 3246 364 3331 aK'ctempsero
373 3259 584 3322 memoratum,
598 3271 716 3327 nupera
724 3253 880 3310 Stavcrinc
891 3261 919 3309 ct
927 3250 1007 3329 long

80 3347 291 3408 eonfirmatnm
302 3351 374 3427 lego.
386 3381 424 3396 -
436 3349 554 3408 Semina
567 3351 751 3408 sterilitatem
762 3347 950 3420 inducentia,
967 3367 1006 3407 ex

81 3448 188 3505 arbore
199 3447 338 3504 hactenus
351 3449 450 3526 ignota
463 3432 626 3526 desumpta,
639 3448 727 3524 nilgo
739 3467 794 3525 pro
806 3447 960 3526 pecoribus
969 3449 1007 3508 ab

81 3543 189 3602 incoli«
200 3543 234 3602 in
247 3540 366 3622 Gaiam
376 3545 535 3623 (Ceyenne)
543 3545 678 3604 adhiberi
686 3543 1006 3625 didici-Camphoram

81 3643 202 3702 incaute
213 3651 335 3702 externe
346 3653 399 3702 aut
411 3645 528 3704 interne
545 3643 726 3714 adhibitam,
747 3663 831 3722 teque
851 3665 885 3704 ac
908 3645 1007 3724 plum·

82 3741 176 3814 bum,
193 3741 319 3800 eundem
340 3739 476 3804 effectum
500 3745 534 3804 in
557 3743 727 3804 horninibus
747 3765 822 3824 cape
845 3745 1006 3826 producere

83 3841 175 3922 vulgo
186 3849 293 3902 notum
304 3850 355 3900 eet.
837 3831 842 3842 ’

782 3948 859 4014 Ya

1082 3966 1089 3999 l
