2756 4850
348 423 416 504 412
517 415 594 484 CL.
632 416 675 486 V.
712 411 878 484 MORBI
916 413 1106 484 TOPICI.

344 640 388 709 G.
413 637 574 710 cccvu.
699 635 974 706 ADENITIS.

344 780 451 849 AGr.
475 768 554 856 Ᾱῶιν
577 729 777 874 glandula:
802 771 1055 846 Inflammatio
1085 771 1289 872 glandu12¹

398 977 567 1060 Tumor
592 973 948 1061 inflammatorius
968 973 1186 1090 glandulae
1202 1006 1285 1060 cu·

341 1109 479 1221 jusvis
496 1106 685 1221 corporis
699 1105 902 1211 humani,
928 1108 1089 1211 durus,
1106 1107 1264 1192 dolens
1273 1174 1288 1212 ,

343 1241 481 1327 calore
497 1254 539 1323 et
549 1240 706 1324 rubore
724 1241 915 1355 stipatus,
930 1271 1040 1356 saepe
1053 1243 1100 1324 in
1120 1257 1293 1355 aposte-

324 1405 434 1480 1ma,
461 1373 596 1456 autin
618 1403 910 1486 gangraenam,
944 1372 1018 1458 vel
1046 1371 1288 1477 selemia,

341 1523 383 1591 et
401 1503 658 1620 quandoque
677 1505 805 1589 etiam
822 1507 866 1589 in
887 1503 1108 1590 skirrhum
1130 1521 1174 1588 et
1190 1535 1291 1590 car-

340 1637 515 1724 kinoma
538 1635 705 1721 abiens}

390 1855 450 1946 Sp.
483 1873 514 1922 1.
542 1847 708 1920 Adenitis
727 1853 898 1923 Mucoaa.

390 2040 531 2106 Tumor
560 2032 870 2106 inflammatorius
898 2031 1082 2130 glandula:
1114 2034 1291 2130 cujusvis

341 2179 499 2228 mucosae
526 2155 702 2252 corporis.
729 2153 822 2224 Vide
845 2156 1023 2228 Dothien.

390 2359 451 2450 Sp.
472 2377 504 2421 a.
533 2350 701 2422 Adenitis
721 2353 892 2425 Sabacen.

359 2519 362 2531 Ι
389 2543 582 2620 Glandulae
596 2544 760 2640 cujusvis
784 2545 941 2618 sebaceae
973 2561 1102 2618 tumor
1131 2547 1289 2620 inflam-

316 2654 519 2740 'matorius
553 2665 591 2734 in
617 2661 813 2762 superficie
831 2667 1020 2762 corporis,
1045 2667 1209 2738 maxime
1240 2671 1283 2740 in

339 2787 452 2878 facie,
481 2782 689 2884 palpebris,
721 2799 841 2856 scroto
856 2799 894 2856 et
910 2783 1017 2856 labiis
1031 2784 1177 2870 vulvae,
1208 2785 1285 2858 five·

339 2919 498 3006 quanter
533 2905 572 2974 in
608 2917 794 3000 apostema
827 2903 886 2975 vel
922 2902 1098 2976 sclerosin
1131 2901 1281 2978 abiens.

338 3027 430 3099 Vide
449 3021 544 3096 infra
561 3025 725 3122 Phyma.

394 3209 456 3303 Sp.
484 3201 516 3274 3.
543 3200 713 3272 Adenitis
731 3203 994 3300 Lymphatica.

389 3404 580 3479 Glanduiae
596 3404 759 3498 cujusvis
776 3401 1008 3502 lymphatica
1026 3405 1195 3502 corporis
1217 3421 1282 3476 tu-

338 3553 421 3600 mor
444 3525 773 3612 inflammamus,
800 3549 893 3624 saepe
909 3527 983 3596 cito
999 3526 1038 3596 in
1062 3541 1282 3622 apostema,

337 3647 400 3720 sed
420 3644 646 3743 quandoque
668 3645 778 3716 etiam
795 3645 836 3716 in
850 3669 1083 3744 gangaaenam
1098 3661 1165 3718 aut
1182 3647 1280 3721 scle-

337 3768 438 3840 rosin
456 3764 592 3837 abiens.
610 3761 701 3835 Vide
720 3763 815 3836 insta
832 3767 1085 3866 Phygethlon.

1144 3889 1208 3984 Sa·
1241 3893 1279 3974 a
