2782 4860
405 419 472 492 262
502 423 569 491 CL.
590 423 649 490 IV.
667 418 906 490 CACHEXIAE
922 421 979 488 ET
991 419 1255 492 CACOCHYM.

392 603 396 612 '
452 605 515 698 Sp.
544 603 578 686 4.
608 599 850 672 Πνοὶἰιῆἰαείε
876 599 1089 672 urethralie.

447 781 563 854 Dolor
583 795 620 852 et
636 759 809 878 'spasmus
829 780 870 850 in
896 779 1049 851 urethra
1067 794 1105 853 et
1125 782 1242 852 uesieu
1258 759 1336 854 vio·

397 905 645 990 lentissimus,
672 926 759 974 cum
785 899 966 988 ischuria,
994 899 1146 993 dysuria
1161 917 1200 974 et
1218 917 1337 976 lenoe-

395 1049 470 1097 mo.
488 1021 642 1096 Morbus
654 1045 697 1093 ex
706 1021 860 1110 calculo,
875 1046 895 1092 e
908 1021 1024 1094 vesica
1042 1023 1082 1092 iu
1098 1019 1237 1094 ¹collum
1253 1023 1336 1118 ejus

396 1143 455 1216 vel
478 1145 518 1212 in
544 1142 732 1213 urethram
761 1156 960 1240 protrusi),
985 1141 1113 1240 ibique
1139 1145 1334 1241 impaclo;

394 1262 625 1361 quandoque
657 1263 767 1332 etiam
785 1287 830 1334 ex
848 1261 991 1335 calculo
1016 1269 1054 1337 in
1078 1261 1253 1336 vesiculis
1277 1289 1333 1336 se·

392 1377 618 1468 minalibus,
643 1381 765 1450 autin
786 1395 968 1477 prostata,
996 1379 1121 1454 aliisve
1137 1379 1331 1480 glandulis

392 1497 554 1572 urethrae
570 1513 680 1588 nato,
701 1497 897 1573 oriundus.
932 1581 936 1586 ,

390 1725 434 1795 G.
469 1723 597 1795 CCLV.
700 1719 1162 1792 CHOLELITHIASIS.

436 1863 499 1932 Gr.
525 1853 974 1952 Xolnltflt'auustxoliibilis,
992 1865 1180 1942 etlilium:
1204 1863 1325 1936 Gene-

384 1981 480 2051 ratio
503 1976 635 2050 calculi
651 1977 802 2048 biliaris.
900 2028 908 2044 .

442 2166 655 2254 Cachexia
670 2169 923 2281 peculiaris,
950 2174 997 2258 in
1013 2205 1098 2289 qua
1114 2174 1212 2262 bilis
1228 2245 1246 2284 ,
1275 2181 1322 2263 iu

380 2299 571 2388 vesicula
598 2299 730 2384 fellea·
756 2303 1008 2416 inspissata,
1049 2307 1094 2391 iu
1125 2309 1318 2396 calculos
1389 2405 1390 2410 Ν

379 2432 742 2536 inssammabiles,
785 2435 883 2548 plus
917 2440 1119 2526 minusve
1151 2443 1316 2551 duros,

377 2565 624 2651 concrescit.

375 2725 456 2790 Suu.
474 2713 614 2789 Calculi
632 2717 781 2791 biliarii.
794 2723 909 2832 Auel.

418 2891 472 2966 A.
500 2893 738 2970 Gall-Stones.

306 3057 310 3064 -
421 3011 469 3080 G.
496 3008 640 3083 Calculs
659 3011 831 3090 biliaires.

418 3131 486 3202 Ge.
500 3129 760 3206 Gallensteine.

414 3285 463 3356 Hi
495 3287 628 3362 calculi
654 3291 885 3392 quandoque
920 3293 1033 3397 longo
1067 3318 1241 3403 tempone
1268 3315 1308 3382 in

364 3408 524 3480 vesicula
545 3411 664 3507 quieti
686 3430 863 3506 manent,
884 3419 947 3491 sed
965 3403 1233 3501 tandem'mole
1249 3433 1307 3504 vel

361 3526 486 3598 exalia
500 3554 728 3630 quacunque
738 3559 859 3626 eausa,
873 3541 1072 3614 vesiculam
1092 3543 1238 3621 selleam
1256 3555 1306 3622 ir-

359 3649 534 3738 ritantes,
564 3676 608 3723 ex
642 3677 683 3724 ea
720 3655 945 3731 inductum
974 3661 1158 3754 kysticum
1191 3685 1231 3742 et
1260 3698 1305 3742 ex

358 3763 431 3838 hoc
453 3768 492 3839 iu
521 3767 678 3842 ductum
706 3773 978 3852 choledochum
999 3785 1301 3884 propelluntur,
