<?xml version="1.0" encoding="UTF-8"?>
<!DOCTYPE html PUBLIC "-//W3C//DTD XHTML 1.0 Transitional//EN"
    "http://www.w3.org/TR/xhtml1/DTD/xhtml1-transitional.dtd">
<html xmlns="http://www.w3.org/1999/xhtml" xml:lang="en" lang="en">
 <head>
  <title>
</title>
<meta http-equiv="Content-Type" content="text/html;charset=utf-8" />
  <meta name='ocr-system' content='tesseract 3.04.00' />
  <meta name='ocr-capabilities' content='ocr_page ocr_carea ocr_par ocr_line ocrx_word'/>
</head>
<body>
  <div class='ocr_page' id='page_1' title='image "./novumnosologiae01swedgoog_0510.png"; bbox 0 0 2754 4858; ppageno 0'>
   <div class='ocr_carea' id='block_1_1' title="bbox 265 457 953 558">
    <p class='ocr_par' dir='ltr' id='par_1_1' title="bbox 265 457 953 558">
     <span class='ocr_line' id='line_1_1' title="bbox 265 457 953 558; baseline -0.01 -20"><span class='ocrx_word' id='word_1_1' title='bbox 265 469 307 538; x_wconf 92' lang='lat'>0.</span> <span class='ocrx_word' id='word_1_2' title='bbox 332 465 399 535; x_wconf 79' lang='lat' dir='ltr'>vi.</span> <span class='ocrx_word' id='word_1_3' title='bbox 433 460 710 534; x_wconf 76' lang='lat' dir='ltr'>oucosas.</span> <span class='ocrx_word' id='word_1_4' title='bbox 881 457 953 558; x_wconf 74' lang='lat'>519</span> 
     </span>
    </p>
   </div>
   <div class='ocr_carea' id='block_1_2' title="bbox 20 663 953 860">
    <p class='ocr_par' dir='ltr' id='par_1_2' title="bbox 20 663 953 860">
     <span class='ocr_line' id='line_1_2' title="bbox 72 663 953 758; baseline 0.005 -26"><span class='ocrx_word' id='word_1_5' title='bbox 72 665 132 736; x_wconf 80' lang='lat' dir='ltr'>Hae</span> <span class='ocrx_word' id='word_1_6' title='bbox 156 663 238 738; x_wconf 80' lang='lat' dir='ltr'>duae</span> <span class='ocrx_word' id='word_1_7' title='bbox 257 671 455 737; x_wconf 71' lang='lat' dir='ltr'>Saucius</span> <span class='ocrx_word' id='word_1_8' title='bbox 487 683 719 740; x_wconf 70' lang='lat' dir='ltr'>mum</span> <span class='ocrx_word' id='word_1_9' title='bbox 740 686 812 758; x_wconf 83' lang='lat' dir='ltr'>pro</span> <span class='ocrx_word' id='word_1_10' title='bbox 836 685 953 736; x_wconf 80' lang='lat' dir='ltr'>causa</span> 
     </span>
     <span class='ocr_line' id='line_1_3' title="bbox 20 795 529 860; baseline -0.01 0"><span class='ocrx_word' id='word_1_11' title='bbox 20 800 179 860; x_wconf 78' lang='lat' dir='ltr'>remota:</span> <span class='ocrx_word' id='word_1_12' title='bbox 522 795 529 802; x_wconf 85' lang='grc'><em>“</em></span> 
     </span>
    </p>
   </div>
   <div class='ocr_carea' id='block_1_3' title="bbox 18 974 1039 2612">
    <p class='ocr_par' dir='ltr' id='par_1_3' title="bbox 20 974 952 1202">
     <span class='ocr_line' id='line_1_4' title="bbox 20 974 952 1082; baseline -0.011 -28"><span class='ocrx_word' id='word_1_13' title='bbox 20 1015 49 1054; x_wconf 80' lang='grc' dir='ltr'>α.</span> <span class='ocrx_word' id='word_1_14' title='bbox 79 986 109 1054; x_wconf 84' lang='grc' dir='ltr'><strong>Δ</strong></span> <span class='ocrx_word' id='word_1_15' title='bbox 129 981 300 1082; x_wconf 81' lang='lat' dir='ltr'>phlogosi</span> <span class='ocrx_word' id='word_1_16' title='bbox 314 980 475 1054; x_wconf 78' lang='lat' dir='ltr'>testiculi</span> <span class='ocrx_word' id='word_1_17' title='bbox 499 993 568 1052; x_wconf 85' lang='lat' dir='ltr'>aut</span> <span class='ocrx_word' id='word_1_18' title='bbox 582 974 846 1076; x_wconf 83' lang='lat' dir='ltr'>epididymidis</span> <span class='ocrx_word' id='word_1_19' title='bbox 864 1000 952 1076; x_wconf 64' lang='lat' dir='ltr'>prae,</span> 
     </span>
     <span class='ocr_line' id='line_1_5' title="bbox 65 1099 910 1202; baseline -0.004 0"><span class='ocrx_word' id='word_1_20' title='bbox 65 1127 194 1202; x_wconf 61' lang='lat' dir='ltr'>cama·</span> <span class='ocrx_word' id='word_1_21' title='bbox 901 1099 910 1108; x_wconf 87' lang='lat'><em>&#39;</em></span> 
     </span>
    </p>

    <p class='ocr_par' dir='ltr' id='par_1_4' title="bbox 18 1213 798 1310">
     <span class='ocr_line' id='line_1_6' title="bbox 18 1213 798 1310; baseline -0.01 -17"><span class='ocrx_word' id='word_1_22' title='bbox 18 1223 48 1310; x_wconf 81' lang='grc' dir='ltr'>β.</span> <span class='ocrx_word' id='word_1_23' title='bbox 73 1223 348 1310; x_wconf 77' lang='lat' dir='ltr'>Acontuaione,</span> <span class='ocrx_word' id='word_1_24' title='bbox 363 1234 430 1292; x_wconf 87' lang='lat' dir='ltr'>aut</span> <span class='ocrx_word' id='word_1_25' title='bbox 444 1221 520 1292; x_wconf 75' lang='lat' dir='ltr'>ictu</span> <span class='ocrx_word' id='word_1_26' title='bbox 534 1213 705 1290; x_wconf 80' lang='lat' dir='ltr'>testiculi.</span> <span class='ocrx_word' id='word_1_27' title='bbox 795 1279 798 1287; x_wconf 89' lang='grc'>,</span> 
     </span>
    </p>

    <p class='ocr_par' dir='ltr' id='par_1_5' title="bbox 23 1336 718 1440">
     <span class='ocr_line' id='line_1_7' title="bbox 23 1336 718 1440; baseline -0.007 -33"><span class='ocrx_word' id='word_1_28' title='bbox 23 1369 50 1434; x_wconf 76' lang='lat'>7.</span> <span class='ocrx_word' id='word_1_29' title='bbox 77 1336 133 1410; x_wconf 78' lang='lat' dir='ltr'>Ab</span> <span class='ocrx_word' id='word_1_30' title='bbox 151 1337 320 1440; x_wconf 76' lang='lat' dir='ltr'><strong>hydrope</strong></span> <span class='ocrx_word' id='word_1_31' title='bbox 339 1337 497 1412; x_wconf 84' lang='lat' dir='ltr'>testiculi</span> <span class='ocrx_word' id='word_1_32' title='bbox 512 1359 718 1436; x_wconf 76' lang='lat' dir='ltr'><strong>praegresso.</strong></span> 
     </span>
    </p>

    <p class='ocr_par' dir='ltr' id='par_1_6' title="bbox 23 1451 858 1536">
     <span class='ocr_line' id='line_1_8' title="bbox 23 1451 858 1536; baseline -0.004 -10"><span class='ocrx_word' id='word_1_33' title='bbox 23 1459 48 1527; x_wconf 78' lang='grc' dir='ltr'>δ.</span> <span class='ocrx_word' id='word_1_34' title='bbox 73 1455 130 1530; x_wconf 84' lang='lat' dir='ltr'>Ab</span> <span class='ocrx_word' id='word_1_35' title='bbox 144 1461 269 1531; x_wconf 75' lang='lat' dir='ltr'>alonia</span> <span class='ocrx_word' id='word_1_36' title='bbox 288 1458 510 1533; x_wconf 68' lang='lat' dir='ltr'>membrana*</span> <span class='ocrx_word' id='word_1_37' title='bbox 529 1453 671 1528; x_wconf 85' lang='lat' dir='ltr'><strong>fibrosae</strong></span> <span class='ocrx_word' id='word_1_38' title='bbox 687 1451 858 1536; x_wconf 76' lang='lat' dir='ltr'>testiculi,</span> 
     </span>
    </p>

    <p class='ocr_par' dir='ltr' id='par_1_7' title="bbox 23 1571 952 1772">
     <span class='ocr_line' id='line_1_9' title="bbox 23 1571 952 1670; baseline -0.004 -23"><span class='ocrx_word' id='word_1_39' title='bbox 23 1607 46 1647; x_wconf 82' lang='grc' dir='ltr'>ε.</span> <span class='ocrx_word' id='word_1_40' title='bbox 70 1579 286 1668; x_wconf 81' lang='lat' dir='ltr'>Avulnere‚</span> <span class='ocrx_word' id='word_1_41' title='bbox 302 1581 493 1670; x_wconf 82' lang='lat' dir='ltr'>erosiouc,</span> <span class='ocrx_word' id='word_1_42' title='bbox 513 1592 579 1650; x_wconf 89' lang='lat' dir='ltr'>aut</span> <span class='ocrx_word' id='word_1_43' title='bbox 600 1576 706 1648; x_wconf 83' lang='lat' dir='ltr'>rhexi</span> <span class='ocrx_word' id='word_1_44' title='bbox 729 1571 952 1646; x_wconf 68' lang='lat' dir='ltr'>membrana</span> 
     </span>
     <span class='ocr_line' id='line_1_10' title="bbox 68 1695 395 1772; baseline 0.012 -4"><span class='ocrx_word' id='word_1_45' title='bbox 68 1695 208 1772; x_wconf 81' lang='lat' dir='ltr'>librosae</span> <span class='ocrx_word' id='word_1_46' title='bbox 225 1697 395 1772; x_wconf 75' lang='lat' dir='ltr'>testiculi.</span> 
     </span>
    </p>

    <p class='ocr_par' dir='ltr' id='par_1_8' title="bbox 22 1812 952 2036">
     <span class='ocr_line' id='line_1_11' title="bbox 22 1812 952 1913; baseline -0.001 -26"><span class='ocrx_word' id='word_1_47' title='bbox 22 1821 95 1898; x_wconf 58' lang='lat' dir='ltr'>§.A</span> <span class='ocrx_word' id='word_1_48' title='bbox 133 1822 219 1892; x_wconf 89' lang='lat' dir='ltr'>nisu</span> <span class='ocrx_word' id='word_1_49' title='bbox 258 1818 424 1892; x_wconf 80' lang='lat' dir='ltr'>violento</span> <span class='ocrx_word' id='word_1_50' title='bbox 440 1816 565 1890; x_wconf 90' lang='lat' dir='ltr'>alvum</span> <span class='ocrx_word' id='word_1_51' title='bbox 599 1812 834 1912; x_wconf 86' lang='lat' dir='ltr'>deponendi,</span> <span class='ocrx_word' id='word_1_52' title='bbox 862 1839 952 1913; x_wconf 81' lang='lat' dir='ltr'>prae·</span> 
     </span>
     <span class='ocr_line' id='line_1_12' title="bbox 67 1932 718 2036; baseline -0.005 -30"><span class='ocrx_word' id='word_1_53' title='bbox 67 1937 174 2034; x_wconf 85' lang='lat' dir='ltr'>cipue</span> <span class='ocrx_word' id='word_1_54' title='bbox 192 1941 235 2010; x_wconf 88' lang='lat' dir='ltr'>in</span> <span class='ocrx_word' id='word_1_55' title='bbox 255 1935 431 2036; x_wconf 83' lang='lat' dir='ltr'>dyscoilia</span> <span class='ocrx_word' id='word_1_56' title='bbox 452 1932 718 2005; x_wconf 80' lang='lat' dir='ltr'>laborantibus.</span> 
     </span>
    </p>

    <p class='ocr_par' dir='ltr' id='par_1_9' title="bbox 18 2053 1039 2250">
     <span class='ocr_line' id='line_1_13' title="bbox 18 2053 1039 2156; baseline -0.003 -30"><span class='ocrx_word' id='word_1_57' title='bbox 18 2087 43 2136; x_wconf 75' lang='grc' dir='ltr'>η.</span> <span class='ocrx_word' id='word_1_58' title='bbox 68 2061 97 2126; x_wconf 83' lang='lat' dir='ltr'>A</span> <span class='ocrx_word' id='word_1_59' title='bbox 112 2059 393 2156; x_wconf 81' lang='lat' dir='ltr'>compressione</span> <span class='ocrx_word' id='word_1_60' title='bbox 407 2053 568 2130; x_wconf 81' lang='lat' dir='ltr'>funiculi</span> <span class='ocrx_word' id='word_1_61' title='bbox 583 2054 794 2154; x_wconf 82' lang='lat' dir='ltr'>spermatici</span> <span class='ocrx_word' id='word_1_62' title='bbox 810 2077 878 2152; x_wconf 85' lang='lat' dir='ltr'>per</span> <span class='ocrx_word' id='word_1_63' title='bbox 889 2067 945 2124; x_wconf 86' lang='lat' dir='ltr'>tu·</span> <span class='ocrx_word' id='word_1_64' title='bbox 1034 2061 1039 2071; x_wconf 91' lang='lat'>&#39;</span> 
     </span>
     <span class='ocr_line' id='line_1_14' title="bbox 60 2179 358 2250; baseline 0.013 -4"><span class='ocrx_word' id='word_1_65' title='bbox 60 2200 178 2250; x_wconf 84' lang='lat' dir='ltr'>mores</span> <span class='ocrx_word' id='word_1_66' title='bbox 203 2179 358 2250; x_wconf 82' lang='lat' dir='ltr'>vicinos.</span> 
     </span>
    </p>

    <p class='ocr_par' dir='ltr' id='par_1_10' title="bbox 18 2294 769 2396">
     <span class='ocr_line' id='line_1_15' title="bbox 18 2294 769 2396; baseline 0 -30"><span class='ocrx_word' id='word_1_67' title='bbox 18 2301 49 2366; x_wconf 71' lang='grc' dir='ltr'>θ.</span> <span class='ocrx_word' id='word_1_68' title='bbox 76 2297 130 2370; x_wconf 75' lang='lat' dir='ltr'>ab</span> <span class='ocrx_word' id='word_1_69' title='bbox 143 2321 297 2370; x_wconf 77' lang='lat' dir='ltr'>excessu</span> <span class='ocrx_word' id='word_1_70' title='bbox 314 2298 457 2370; x_wconf 84' lang='lat' dir='ltr'>veneris</span> <span class='ocrx_word' id='word_1_71' title='bbox 470 2309 535 2370; x_wconf 82' lang='lat' dir='ltr'>aut</span> <span class='ocrx_word' id='word_1_72' title='bbox 548 2294 769 2396; x_wconf 85' lang='lat' dir='ltr'>anaphlasis.</span> 
     </span>
    </p>

    <p class='ocr_par' dir='ltr' id='par_1_11' title="bbox 19 2417 949 2612">
     <span class='ocr_line' id='line_1_16' title="bbox 19 2417 949 2518; baseline 0.006 -32"><span class='ocrx_word' id='word_1_73' title='bbox 19 2447 37 2487; x_wconf 83' lang='grc' dir='ltr'>ι.</span> <span class='ocrx_word' id='word_1_74' title='bbox 63 2417 118 2490; x_wconf 78' lang='lat' dir='ltr'>Ab</span> <span class='ocrx_word' id='word_1_75' title='bbox 134 2418 435 2493; x_wconf 77' lang='lat' dir='ltr'>accumulatione</span> <span class='ocrx_word' id='word_1_76' title='bbox 450 2419 603 2492; x_wconf 85' lang='lat' dir='ltr'>seminis</span> <span class='ocrx_word' id='word_1_77' title='bbox 620 2420 658 2490; x_wconf 89' lang='lat' dir='ltr'>in</span> <span class='ocrx_word' id='word_1_78' title='bbox 679 2420 772 2492; x_wconf 79' lang='lat' dir='ltr'>vasis</span> <span class='ocrx_word' id='word_1_79' title='bbox 791 2441 949 2518; x_wconf 84' lang='lat' dir='ltr'>sperma·</span> 
     </span>
     <span class='ocr_line' id='line_1_17' title="bbox 73 2538 174 2612; baseline 0.04 -4"><span class='ocrx_word' id='word_1_80' title='bbox 73 2538 174 2612; x_wconf 63' lang='lat' dir='ltr'>licis:</span> 
     </span>
    </p>
   </div>
   <div class='ocr_carea' id='block_1_4' title="bbox 21 2652 950 2849">
    <p class='ocr_par' dir='ltr' id='par_1_12' title="bbox 21 2652 950 2849">
     <span class='ocr_line' id='line_1_18' title="bbox 21 2652 950 2754; baseline 0.002 -30"><span class='ocrx_word' id='word_1_81' title='bbox 21 2683 47 2724; x_wconf 87' lang='grc' dir='ltr'>κ.</span> <span class='ocrx_word' id='word_1_82' title='bbox 73 2654 131 2728; x_wconf 78' lang='lat' dir='ltr'>Ab</span> <span class='ocrx_word' id='word_1_83' title='bbox 149 2655 343 2754; x_wconf 81' lang='lat' dir='ltr'>emphraxi</span> <span class='ocrx_word' id='word_1_84' title='bbox 359 2657 540 2730; x_wconf 86' lang='lat' dir='ltr'>viscerum</span> <span class='ocrx_word' id='word_1_85' title='bbox 563 2670 630 2728; x_wconf 86' lang='lat' dir='ltr'>aut</span> <span class='ocrx_word' id='word_1_86' title='bbox 647 2677 822 2730; x_wconf 80' lang='lat' dir='ltr'>vasorum</span> <span class='ocrx_word' id='word_1_87' title='bbox 840 2652 950 2728; x_wconf 69' lang='lat' dir='ltr'>abdo÷</span> 
     </span>
     <span class='ocr_line' id='line_1_19' title="bbox 72 2774 283 2849; baseline 0.019 -5"><span class='ocrx_word' id='word_1_88' title='bbox 72 2774 283 2849; x_wconf 87' lang='lat' dir='ltr'>minalium.</span> 
     </span>
    </p>
   </div>
   <div class='ocr_carea' id='block_1_5' title="bbox 66 2949 665 3048">
    <p class='ocr_par' dir='ltr' id='par_1_13' title="bbox 66 2949 665 3048">
     <span class='ocr_line' id='line_1_20' title="bbox 66 2949 665 3048; baseline 0.005 -25"><span class='ocrx_word' id='word_1_89' title='bbox 66 2953 129 3048; x_wconf 76' lang='lat' dir='ltr'>sp.</span> <span class='ocrx_word' id='word_1_90' title='bbox 159 2975 192 3048; x_wconf 87' lang='lat'>7.</span> <span class='ocrx_word' id='word_1_91' title='bbox 217 2949 665 3046; x_wconf 71' lang='lat' dir='ltr'>OrchioncusSclerodca.</span> 
     </span>
    </p>
   </div>
   <div class='ocr_carea' id='block_1_6' title="bbox 17 3131 1013 3834">
    <p class='ocr_par' dir='ltr' id='par_1_14' title="bbox 17 3131 1013 3834">
     <span class='ocr_line' id='line_1_21' title="bbox 66 3131 950 3231; baseline -0.002 -28"><span class='ocrx_word' id='word_1_92' title='bbox 66 3136 209 3205; x_wconf 84' lang='lat' dir='ltr'>Tumor</span> <span class='ocrx_word' id='word_1_93' title='bbox 242 3131 401 3205; x_wconf 79' lang='lat' dir='ltr'>testiculi</span> <span class='ocrx_word' id='word_1_94' title='bbox 435 3133 493 3206; x_wconf 82' lang='lat' dir='ltr'>vel</span> <span class='ocrx_word' id='word_1_95' title='bbox 514 3131 798 3231; x_wconf 79' lang='lat' dir='ltr'>epididymidis,</span> <span class='ocrx_word' id='word_1_96' title='bbox 831 3153 950 3228; x_wconf 87' lang='lat' dir='ltr'>quan·</span> 
     </span>
     <span class='ocr_line' id='line_1_22' title="bbox 18 3246 947 3350; baseline -0.001 -29"><span class='ocrx_word' id='word_1_97' title='bbox 18 3251 144 3349; x_wconf 88' lang='lat' dir='ltr'>doque</span> <span class='ocrx_word' id='word_1_98' title='bbox 160 3255 359 3350; x_wconf 70' lang='lat' dir='ltr'>utriusque</span> <span class='ocrx_word' id='word_1_99' title='bbox 380 3251 518 3342; x_wconf 82' lang='lat' dir='ltr'>simul,</span> <span class='ocrx_word' id='word_1_100' title='bbox 542 3267 608 3325; x_wconf 89' lang='lat' dir='ltr'>aut</span> <span class='ocrx_word' id='word_1_101' title='bbox 643 3253 753 3324; x_wconf 87' lang='lat' dir='ltr'>etiam</span> <span class='ocrx_word' id='word_1_102' title='bbox 782 3246 947 3320; x_wconf 80' lang='lat' dir='ltr'>funiculi</span> 
     </span>
     <span class='ocr_line' id='line_1_23' title="bbox 19 3366 950 3468; baseline -0.009 -26"><span class='ocrx_word' id='word_1_103' title='bbox 19 3375 230 3468; x_wconf 80' lang='lat' dir='ltr'>spermatici</span> <span class='ocrx_word' id='word_1_104' title='bbox 256 3373 395 3464; x_wconf 85' lang='lat' dir='ltr'>durus,</span> <span class='ocrx_word' id='word_1_105' title='bbox 426 3374 643 3462; x_wconf 81' lang='lat' dir='ltr'>chronicus,</span> <span class='ocrx_word' id='word_1_106' title='bbox 668 3369 798 3443; x_wconf 85' lang='lat' dir='ltr'>dolens</span> <span class='ocrx_word' id='word_1_107' title='bbox 814 3366 872 3440; x_wconf 88' lang='lat' dir='ltr'>vel</span> <span class='ocrx_word' id='word_1_108' title='bbox 895 3369 950 3439; x_wconf 79' lang='grc' dir='ltr'>ἰη-Ι</span> 
     </span>
     <span class='ocr_line' id='line_1_24' title="bbox 20 3489 952 3596; baseline -0.008 -32"><span class='ocrx_word' id='word_1_109' title='bbox 20 3491 173 3582; x_wconf 82' lang='lat' dir='ltr'>dolens,</span> <span class='ocrx_word' id='word_1_110' title='bbox 189 3493 397 3596; x_wconf 77' lang='lat' dir='ltr'>inaequalis.</span> <span class='ocrx_word' id='word_1_111' title='bbox 415 3492 692 3580; x_wconf 77' lang='lat' dir='ltr'>tuberculosus,</span> <span class='ocrx_word' id='word_1_112' title='bbox 709 3489 952 3578; x_wconf 71' lang='lat' dir='ltr'>durissimus,</span> 
     </span>
     <span class='ocr_line' id='line_1_25' title="bbox 18 3608 1013 3716; baseline -0.009 -29"><span class='ocrx_word' id='word_1_113' title='bbox 18 3613 222 3716; x_wconf 89' lang='lat' dir='ltr'>aliquando</span> <span class='ocrx_word' id='word_1_114' title='bbox 236 3619 341 3715; x_wconf 85' lang='lat' dir='ltr'>quasi</span> <span class='ocrx_word' id='word_1_115' title='bbox 361 3617 620 3716; x_wconf 80' lang='lat' dir='ltr'>cartilagineus</span> <span class='ocrx_word' id='word_1_116' title='bbox 644 3612 701 3686; x_wconf 87' lang='lat' dir='ltr'>vel</span> <span class='ocrx_word' id='word_1_117' title='bbox 727 3608 954 3698; x_wconf 69' lang='lat' dir='ltr'>calculosus,</span> <span class='ocrx_word' id='word_1_118' title='bbox 1007 3621 1013 3628; x_wconf 83' lang='lat'><strong>&#39;</strong></span> 
     </span>
     <span class='ocr_line' id='line_1_26' title="bbox 17 3732 951 3834; baseline -0.006 -29"><span class='ocrx_word' id='word_1_119' title='bbox 17 3732 198 3834; x_wconf 84' lang='lat' dir='ltr'>simplex,</span> <span class='ocrx_word' id='word_1_120' title='bbox 220 3735 278 3810; x_wconf 87' lang='lat' dir='ltr'>vel</span> <span class='ocrx_word' id='word_1_121' title='bbox 301 3763 384 3808; x_wconf 90' lang='lat' dir='ltr'>cum</span> <span class='ocrx_word' id='word_1_122' title='bbox 413 3754 559 3810; x_wconf 80' lang='lat' dir='ltr'>tumore</span> <span class='ocrx_word' id='word_1_123' title='bbox 582 3735 765 3818; x_wconf 56' lang='lat' dir='ltr'>varicoso)</span> <span class='ocrx_word' id='word_1_124' title='bbox 791 3753 951 3830; x_wconf 80' lang='lat' dir='ltr'>sperma·</span> 
     </span>
    </p>
   </div>
   <div class='ocr_carea' id='block_1_7' title="bbox 18 3851 958 3964">
    <p class='ocr_par' dir='ltr' id='par_1_15' title="bbox 18 3851 958 3964">
     <span class='ocr_line' id='line_1_27' title="bbox 18 3851 958 3964; baseline 0.016 -38"><span class='ocrx_word' id='word_1_125' title='bbox 18 3855 112 3948; x_wconf 76' lang='lat' dir='ltr'>lico,</span> <span class='ocrx_word' id='word_1_126' title='bbox 157 3872 221 3932; x_wconf 83' lang='lat' dir='ltr'>aut</span> <span class='ocrx_word' id='word_1_127' title='bbox 249 3855 454 3963; x_wconf 70' lang='lat' dir='ltr'>hydropico</span> <span class='ocrx_word' id='word_1_128' title='bbox 491 3855 652 3940; x_wconf 84' lang='lat' dir='ltr'>testiculi</span> <span class='ocrx_word' id='word_1_129' title='bbox 686 3851 958 3964; x_wconf 72' lang='lat' dir='ltr'>complicatusi</span> 
     </span>
    </p>
   </div>
   <div class='ocr_carea' id='block_1_8' title="bbox 0 0 1382 4858">
    <p class='ocr_par' dir='ltr' id='par_1_16' title="bbox 0 0 1382 4858">
     <span class='ocr_line' id='line_1_28' title="bbox 0 0 1382 4858; baseline 0 0"><span class='ocrx_word' id='word_1_130' title='bbox 0 0 1382 4858; x_wconf 95' lang='lat' dir='ltr'> </span> 
     </span>
    </p>
   </div>
  </div>
 </body>
</html>
