2810 4860
286 439 845 512 0.v111.sconnconnn
971 441 1040 536 237
1078 460 1081 471 ·

105 573 239 673 doque
261 573 554 652 inflammatione
571 577 800 664 vehementi,
826 576 865 646 in
886 599 1042 674 gangrar-

108 719 203 766 nam
221 709 259 766 et
276 709 431 768 mortem
451 695 631 783 abeunte,
649 699 805 793 stipatus
820 695 876 792 (¹).
894 773 898 780 ,

131 857 133 866 ,
163 815 284 884 Moram
298 816 389 886 varii
407 843 414 886 :
429 815 630 914 Phlogosis,
641 813 769 902 dolor,
786 839 969 902 tineamus,
985 830 1041 886 tu·

109 955 255 1020 mores,
278 931 399 1004 ulcera
418 948 486 1006 etc.
502 959 545 1004 ex
563 948 751 1030 punctura
771 935 958 1004 variorum
982 934 1041 1004 in·

110 1065 299 1124 sectorum
328 1052 511 1143 oriunda,
536 1051 582 1156 ad
608 1051 757 1124 morbos
779 1050 909 1124 locales
926 1051 1042 1148 perti·-

112 1183 218 1242 nent.

167 1291 315 1360 Insrcra
336 1291 413 1360 cuti
425 1291 624 1364 hominum
642 1315 745 1389 aeque
762 1316 803 1362 ac
823 1289 1042 1362 animalium

113 1409 303 1478 variorum
324 1408 475 1498 infesta,
494 1408 780 1482 innumerabilia
793 1424 903 1496 sunt,
930 1410 969 1478 in
983 1434 1043 1479 re·
1143 1465 1148 1478 .

112 1523 292 1622 gionibus
319 1525 445 1598 calidis
471 1529 656 1626 pmcipue
682 1525 859 1613 molesta,
888 1515 1039 1600 inierim

109 1646 306 1742 sequentia
330 1644 390 1716 hic
411 1644 531 1718 obiter
547 1663 675 1720 notare
697 1647 899 1722 convenit:

162 1801 288 1874 Pulc:
311 1802 471 1876 irritans.
492 1806 604 1878 Linn.

161 1961 217 2035 A.
243 1959 337 2031 Flea.

165 2079 213 2150 G.
239 2079 345 2148 Puce.

165 2198 235 2268 Ga.
261 2193 368 2267 Floh.

163 2355 289 2428 cimex
313 2333 535 2430 lectulariua.
559 2360 670 2434 Linn.

169 2517 225 2590 A.
250 2519 339 2612 Bug.

169 2638 218 2708 G.
244 2636 410 2707 Punaise.

165 2755 233 2825 Ge.
259 2755 403 2824 Wanze.

165 2893 283 2964 carex
303 2877 482 2988 pipiena.¹

157 3033 213 3104 A.
239 3026 316 3098 The
330 3041 439 3124 guat3
457 3023 646 3102 murkitos.

167 3149 214 3220 0.
240 3148 391 3216 Cousin.

164 3269 231 3340 Ge,
251 3259 393 3336 llliiclre.

149 3503 213 3588 (⁴²)
254 3505 303 3565 An
328 3503 378 3564 laio
403 3503 526 3562 morbus
545 3501 625 3562 idern
645 3498 684 3560 ait
706 3520 740 3560 ao
767 3499 912 3562 aemam
939 3503 1041 3566 Pmnr

107 3609 214 3684 (Hirr.
238 3606 310 3666 Nat.
331 3605 367 3664 L.
392 3601 511 3662 XXVI
522 3601 535 3682 )
546 3599 729 3660 doctioribus
745 3597 970 3675 dijudicandum
991 3619 1042 3658 re·

109 3707 229 3784 linquo.
247 3701 356 3762 Triller
366 3719 530 3782 gemursam
544 3699 635 3760 Plinii
650 3718 720 3760 cum
736 3697 902 3760 Gumrerlra
919 3697 1040 3762 Taunu-

107 3803 261 3863 dirrarum
279 3799 441 3862 convenire
459 3795 561 3858 credit.
612 3798 616 3809 ‘
