2792 4852
166 821 392 880 'rnuonla
424 817 681 881 TUMORUM
713 825 1012 886 (auriclania.

506 1057 691 1076 m

124 1184 323 1314 Tritonis
341 1243 380 1314 iu
399 1201 739 1342 corporae‘humano
757 1269 802 1316 ex
817 1245 1056 1344 quadruplici

121 1359 228 1433 fonte
244 1363 334 1434 oriri
351 1361 547 1435 videntur:

185 1499 233 1555 1⁰.
263 1485 317 1552 Ex
344 1483 492 1554 incitata
523 1485 667 1568 actione
702 1509 769 1556 seu
804 1502 914 1558 aucto
949 1504 1057 1562 motu

120 1625 295 1674 vasorum
313 1605 586 1674 secernentium
607 1605 647 1674 in
664 1619 780 1702 parte.
803 1599 855 1678 αὖ.
875 1609 927 1678 Ex
943 1607 1058 1680 dimi·

123 1737 218 1794 nuta
238 1725 383 1794 actione
407 1747 579 1796 vasorum
603 1723 893 1800 absorbentium.
924 1726 975 1799 3⁰.
1002 1733 1057 1800 Ex

124 1843 333 1914 mutatione
356 1842 513 1912 actionis
534 1865 706 1912 vasorum
728 1845 1000 1916 secernentium
1022 1859 1058 1916 et

124 1959 405 2036 absorbentium
424 1961 627 2058 reciprocae.
649 1961 698 2044 4⁰.
715 1965 767 2032 Ex
779 1961 871 2032 vitio
887 1961 1058 2036 humoris

125 2077 173 2152 ad
189 2093 332 2175 partem
347 2076 459 2149 allati.
922 2089 928 2100 '

174 2199 213 2268 Si
224 2199 318 2270 actio
325 2221 496 2269 vasorum
514 2199 786 2270 secernentium
798 2198 838 2268 iu
851 2211 955 2294 parte
970 2221 1055 2298 qua·

126 2342 278 2416 cunque
299 2320 464 2418 corporis
483 2332 663 2416 augetur,
692 2333 758 2389 aut
772 2317 873 2420 actioj
886 2341 1059 2390 vasorum

127 2433 407 2508 absorbentium
431 2439 471 2508 in
500 2435 625 2509 eadem
652 2435 901 2524 diminuitur,
950 2461 1058 2508 accu·
1118 2479 1120 2486 ·

128 2533 372 2628 mulationeni
396 2553 599 2629 humorum
627 2555 666 2624 in
693 2567 818 2650 parte,
842 2578 908 2626 seu
935 2569 1056 2626 tumo-

129 2697 207 2744 rem
225 2675 315 2746 oriri
329 2673 462 2746 debere
479 2671 585 2746 facile
597 2686 707 2770 patet.
721 2671 790 2742 Sed
803 2686 930 2744 tumor
946 2674 1056 2744 etiam

128 2795 269 2878 oritur,
286 2795 316 2864 si
333 2817 504 2864 vasorum
521 2791 793 2864 secernentium
809 2806 934 2862 motus
949 2815 1056 2890 auge·

131 2929 214 3003 tur,
239 2913 379 3012 absque
399 2911 501 3011 quod
533 2915 628 2982 actio
651 2894 830 2982 ¹vasorum
860 2909 1057 2984 absorben-

131 3038 223 3107 tium
243 3033 357 3106 simul
371 3047 574 3132 augeatur3
596 3029 653 3102 vel
679 3033 710 3100 si
737 3045 862 3102 motus
883 3055 1056 3102 vasorum

130 3155 400 3226 secernentium
428 3155 467 3224 in
497 3165 601 3251 parte
625 3173 852 3247 quacunque
881 3146 1058 3224 normalis

131 3285 203 3358 est,
244 3269 307 3342 setl
336 3285 460 3344 motus
492 3291 663 3342 vasorum
699 3265 978 3338 absorbentium
1013 3267 1055 3336 in

131 3391 254 3464 eadem
268 3406 399 3490 torpet.
412 3395 582 3466 Praeterea
593 3387 840 3462 accumulatio
850 3386 1055 3461 humorum

134 3513 171 3584 in
202 3527 305 3609 parte
339 3514 449 3584 ctiam
478 3509 559 3582 lieri
584 3523 725 3608 potest,
763 3505 960 3578 submotu
994 3529 1055 3578 va·
1139 3564 1144 3572 .

133 3657 256 3706 sorum
295 3635 556 3706 arteriosorum
593 3633 632 3702 in
668 3628 795 3702 eadem
827 3641 933 3726 parte
963 3651 1055 3698 nor-

135 3753 236 3842 mali,
263 3778 306 3824 ex
320 3777 493 3850 suspensa
514 3768 579 3822 aut
600 3749 735 3823 abolita
752 3749 896 3820 actione
918 3771 982 3820 scu
1001 3771 1058 3846 pa·

800 3870 826 3935 B
838 3863 862 3934 b
890 3890 909 3932 a
