2792 4852
362 344 437 435 aas
518 343 593 414 cu.
630 344 674 411 v.
712 340 892 412 nonu-1
922 342 1127 418 nomen

362 528 396 599 1.
419 527 665 593 bmnium.

372 777 378 794 ι
417 685 615 759 Vacua*
636 705 707 778 pro
729 703 848 752 causa
868 691 1037 752 remoto:

364 876 395 916 a.
423 847 448 914 t
472 842 637 914 castitate
654 862 787 910 severa.

364 967 397 1054 β.
422 961 594 1036 nocitus.
613 956 823 1056 frequentis
844 969 882 1028 et
915 958 1086 1029 consueti
1116 957 1301 1056 interrup-

420 1083 534 1153 tione.
955 1066 961 1074 ⁸

368 1233 398 1298 y.
426 1205 454 1272 l
469 1197 674 1295 copiosiore
691 1195 894 1268 secretione
912 1196 1093 1289 seminis,
1112 1222 1157 1269 ex
1168 1197 1304 1272 arteriis

376 1324 381 1332 '
417 1315 651 1414 spermatici,
666 1311 776 1384 sclito
792 1313 1008 1410 majoribus.

376 1440 404 1510 δ.
431 1445 459 1510 A
478 1433 648 1507 testiculo
668 1437 777 1507 tertio
795 1437 1098 1508 extraordinario.

371 1587 397 1628 ε.
425 1561 451 1627 t
467 1555 676 1652 quantitate
695 1552 753 1624 vel
770 1553 947 1652 qualitate
959 1556 1113 1626 seminis
1126 1570 1304 1654 peccante.

369 1687 399 1762 ζ.
427 1673 484 1744 Ab
509 1671 756 1745 irritabilitate
778 1688 845 1746 aut
874 1673 1115 1756 sensibilitate
1147 1679 1303 1776 partium

421 1799 642 1902 genitalium
660 1797 843 1872 morbosa.

308 1994 315 2006 ,
371 1915 1305 2005 η..Αιηεάἱοεωεηῑίεθηῑαῑὶοὶεἰηῐεηιενοίειῐετηε

430 2037 619 2111 adhibitis.

375 2163 412 2228 θ.
432 2165 459 2227 Α
477 2153 655 2228 testiculis
672 2157 713 2226 in
728 2170 857 2228 ventre
871 2153 1010 2228 locatis.

377 2276 396 2349 i.
423 2273 765 2370 Abamputatione
792 2271 953 2347 membri
984 2271 1177 2370 cujusdam
1204 2270 1304 2365 majo

426 2392 477 2462 ris
492 2443 502 2478 ,
524 2393 709 2488 praecipue
725 2390 886 2464 femoris.

375 2543 404 2582 κ.
430 2520 459 2584 A
479 2513 554 2583 vita
574 2511 699 2600 lauta,
718 2514 848 2589 otiosa..

376 2673 420 2743 Il.
446 2675 688 2743 Summum.

434 2817 654 2906 VAnlAn:

376 3020 407 3060 a.
434 2992 460 3059 A
477 2984 657 3059 cerebello
678 2985 787 3060 sclito
806 2989 949 3085 majori.

376 3111 409 3197 β.
437 3116 463 3178 Α
482 3107 719 3205 congestione
735 3109 930 3206 sanguinis
945 3109 985 3180 in
1001 3107 1144 3184 eodem.

380 3256 409 3320 y.
437 3231 462 3298 l
483 3227 615 3300 mania.

377 3347 405 3414 δ.
423 3343 483 3441 ab
504 3370 630 3415 amore
648 3343 845 3430 frustrato,
863 3345 921 3418 vel
935 3363 1094 3437 secreto,
1112 3347 1239 3420 celato

377 3491 403 3533 ε.
430 3461 482 3532 lb
500 3465 762 3561 imaginatione
779 3464 923 3538 lasciva.

376 3591 406 3665 ζ.
435 3588 461 3652 l
476 3579 614 3654 lectura
628 3583 830 3674 librorum,
843 3601 910 3658 aut
920 3587 1002 3660 visu
1011 3589 1243 3687 picturarum
1253 3575 1301 3654 vel

427 3697 659 3794 objectorum
679 3699 911 3775 lascivorum.
