2810 4860
341 429 412 504 230
437 435 505 504 CL.
524 436 582 505 IV.
595 432 834 504 CACHEXIAE
849 435 906 502 ET
919 433 1181 504 CACOCHYM.

247 632 250 640 ,
335 597 380 645 ex
405 573 496 643 vitio
520 570 721 642 scrofuioso
743 552 1052 666 vel'syphilitico,
1074 569 1272 644 autetiam
1395 547 1396 582 ³

338 691 526 789 herpetico
548 689 750 780 oriundus,
763 704 828 760 aut
841 713 929 761 cum
944 688 1044 761 hisce
1056 691 1156 762 vitiis
1171 713 1273 762 com·.
1395 715 1396 780 3

335 810 511 908 plicatus3
533 810 760 908 quandoque
779 807 892 882 simul
909 808 1270 908 cumopbthalmiti·
1395 839 1396 880 r

336 927 383 999 de
401 943 437 999 et
453 926 737 1026 bleuuorrhagia
755 927 950 1000 oculorum
968 926 1027 1000 vel
1050 925 1271 1026 genitalium

335 1047 500 1139 junctus.
536 1045 688 1118 Morbus
714 1069 907 1144 progressu
941 1069 1057 1144 saepe,
1084 1048 1270 1144 precipue

336 1161 552 1259 scalpendo,
565 1163 612 1235 ad
626 1187 733 1234 aures
744 1177 779 1234 et
794 1177 906 1260 caput
917 1215 928 1252 ,
939 1162 997 1235 vel
1010 1165 1120 1236 etiam
1137 1162 1269 1234 hume-

336 1305 397 1351 ros
407 1296 444 1351 et
457 1280 618 1378 reliquas
638 1283 802 1379 corporis
819 1296 940 1380 partes
958 1306 1033 1354 sese
1051 1283 1270 1354 extendens,

336 1397 499 1469 maculas
510 1397 640 1470 rubras
653 1415 688 1470 et
699 1397 868 1496 pustulas
881 1425 1025 1471 summe
1037 1399 1268 1498 prurientes,

334 1542 377 1593 ac
405 1541 607 1588 marcorem
634 1532 669 1587 et
696 1515 835 1588 febrem
861 1517 1038 1590 hecticam
1066 1516 1271 1590 induceusi

333 1634 571 1708 Luctantibus
592 1662 669 1709 non
690 1636 828 1726 solum,
855 1635 917 1708 sed
931 1653 967 1708 et
981 1633 1188 1708 infantibus
1206 1659 1269 1706 sex

194 1832 198 1840 ,
334 1772 399 1827 aut
428 1769 567 1854 septem
593 1779 804 1840 annorum,
838 1769 872 1825 et
900 1752 1128 1854 quandoque
1154 1755 1267 1824 etiam

332 1871 470 1946 adultis
493 1873 670 1962 infestus,
698 1873 950 1946 haereditarius
973 1873 1030 1946 vel
1058 1888 1270 1964 comatus,

330 2019 422 2091 saepe
438 2018 583 2066 summe
600 1993 753 2064 rebellis.

332 2145 414 2208 Srn.
429 2141 559 2210 Crusta
577 2138 801 2234 serpiginosa
825 2191 837 2228 ,
866 2139 1110 2238 pruriginosa.
1131 2141 1268 2214 Wiclr·

479 2281 601 2328 monn.

429 2375 529 2470 Ignis
543 2372 701 2445 volatilis
716 2372 915 2450 infantum.

428 2495 529 2590 Ignis
546 2491 739 2590 sylvestris.
989 2497 1102 2570 Acce.

426 2616 540 2684 Gutta
555 2637 697 2686 rosacea
716 2611 913 2684 infantum.

330 2816 373 2886 G.
398 2813 577 2884 CCXLIX.
653 2811 953 2884 TRICHOMA.

382 2935 411 3002 Α
429 2931 491 3002 Gr.
517 2935 641 3028 Τρίχες,
656 2931 744 3030 pili,
762 2929 897 3030 capilli.

385 3107 626 3222 Praegressis
642 3171 656 3214 ,
701 3108 954 3221 plerumque
1000 3105 1258 3220 kephalagia
1395 3149 1396 3204 t

327 3239 533 3344 violenta,
552 3239 744 3354 pityriasi
756 3242 927 3354 capitis,
945 3255 1018 3324 aut
1034 3239 1255 3324 doloribus

325 3371 445 3482 vagis
470 3371 541 3457 vel
567 3369 690 3476 fixis,
732 3371 879 3455 aliisve
906 3370 1098 3484 corporis
1132 3368 1260 3454 affec·

327 3503 513 3588 tionibus
530 3504 706 3589 internis
729 3504 884 3606 variis,
904 3503 1097 3588 scabritie
1125 3517 1168 3586 ct
1186 3503 1254 3586 ni-

326 3633 500 3745 gredine
530 3637 764 3748 unguium,
794 3635 1046 3749 capiliorum
1089 3633 1258 3718 insolita

324 3766 551 3878 messines,
591 3783 634 3852 ct
669 3771 713 3852 in
750 3763 911 3854 cirrhos
945 3799 993 3854 ac
1038 3767 1259 3853 funiculos
1395 3877 1396 3886 Ν
