2782 4860
371 387 453 503 ⁴sss
486 401 1231 486 cL.1v.cscnnxm:ETcAcoct1Yrs

323 545 331 558 “
380 561 446 620 aut
473 546 584 616 etiarn
609 543 694 614 sino
713 563 821 622 causa
835 543 1006 618 evidente
1020 547 1146 644 sedem
1163 549 1321 624 ordina-

380 667 474 737 riam
488 680 596 748 suam
607 661 737 734 subito
749 677 918 754 mutans,
941 667 1192 740 extremitates
1210 670 1324 742 relin-

381 797 526 883 quens,
542 782 795 857 ventrioulum
811 837 821 873 ,
840 784 976 884 hepar,
995 785 1212 885 pulmones,
1230 815 1326 862 oere-

382 903 495 976 hrum
507 952 517 989 ,
531 898 658 993 stodes,
675 903 831 976 vesicam
845 903 1083 996 ,·testiculos',
1107 906 1239 980 oculos
1253 925 1323 981 etc.

382 1021 548 1113 invadit,
564 1035 603 1094 et
613 1021 759 1098 dolores
775 1035 841 1095 aut
852 1047 1016 1123 spasmos
1029 1024 1324 1100 violentissimos

293 1149 300 1167 “
385 1144 427 1216 in
445 1142 575 1215 iisdem
593 1131 735 1215 oscitat.
759 1129 930 1232 Morbus,
952 1169 997 1215 ex
1015 1159 1118 1217 atate
1132 1149 1221 1245 aegri
1233 1172 1325 1247 pro-

384 1266 557 1355 vectiore,
570 1277 744 1363 statuque
757 1265 840 1362 ejus
852 1263 1031 1338 debiliore
1043 1319 1053 1354 ,
1064 1280 1130 1337 ant
1143 1291 1224 1339 non
1239 1291 1325 1340 mro

385 1387 569 1458 etiamen
590 1384 778 1486 medendi⁸
791 1385 969 1460 methodo
998 1409 1194 1488 perversa,
1229 1413 1326 1488 sape

387 1509 463 1581 cito
494 1505 639 1578 lethalis
653 1507 710 1598 (').

387 1669 470 1738 Srrs.
507 1661 668 1762 Podagra
689 1659 885 1734 debilium.

490 1827 684 1843 ----
697 1782 973 1854 exhaustorum.

489 1955 682 1970 --
696 1898 947 1974 imitabilium.

694 2020 915 2118 irregularis.

691 2138 883 2211 aberrans.

434 2441 478 2518 (⁸)
497 2443 535 2504 ln
556 2442 624 2502 vim
644 2441 866 2517 robustissimo,
896 2463 934 2503 ex
953 2443 1081 2524 podagra
1105 2443 1205 2508 subito
1225 2457 1327 2508 retro-

395 2543 537 2618 cedente,
566 2543 631 2604 vidi
657 2543 816 2625 sphonisrn
837 2551 867 2602 'et
900 2543 1076 2624 dyspnmsm
1103 2566 1222 2606 summe
1241 2545 1326 2606 dolo·

394 2645 530 2720 rideam,
548 2645 629 2706 intra
648 2645 755 2726 procos
775 2663 889 2704 menses
900 2643 1049 2704 lethalem.
1074 2645 1202 2720 lnnliis,
1221 2648 1327 2706 vesias

396 2755 450 2806 snt
483 2744 687 2804 testiculorum
713 2743 828 2802 dolores
853 2743 1067 2818 edacissimos,
1097 2743 1270 2825 dysarim,
1299 2755 1328 2806 et

399 2843 634 2905 molestissimam
661 2841 920 2922 blennorrhagism
944 2843 1098 2918 vesioslem
1119 2861 1172 2906 sut
1192 2845 1328 2906 urethrs·

397 2941 475 3015 lem,
488 2941 709 3021 nephritidem,
729 2938 928 3020 gastritidem,
955 2941 1142 3002 enteritidom
1151 2985 1162 3014 ,
1189 2940 1329 3024 hepstiti·

397 3041 1325 3128 dem,dyspnosam,pnigophobism,sphonism,apoplexian,

398 3141 509 3202 aliosve
519 3142 638 3201 morbos
647 3139 906 3222 periculosissimos
923 3141 1079 3222 spodsgrs
1093 3143 1268 3222 aberrante,
1278 3143 1325 3206 vol

415 3240 616 3322 etrooedents,
632 3240 765 3327 quotidie
777 3241 811 3304 in
821 3243 1120 3328 ptuiobsemmus.
