2792 4852
212 440 255 508 ο.
290 439 365 508 111.
412 400 799 548 brs'ceriresrrr.
903 435 972 512 365
1047 491 1051 508 .

57 583 78 656 ζ.
92 575 117 644 A
131 575 283 646 cavitate
307 574 474 672 ejusdem
505 592 694 664 concreta,
727 573 874 648 abolita.

59 723 81 771 η.
97 693 124 760 A
139 707 285 766 tumore
295 695 393 765 uteri
404 694 588 766 abnormi.
598 694 689 766 Vide
704 697 753 767 H
745 708 972 791 ysteroneur.

58 817 86 880 A.
110 814 139 880 A
159 811 335 910 prolapsu
358 827 424 885 aut
437 816 647 887 inversione
660 815 767 886 uteri.

59 961 75 998 ι.
95 928 148 1000 Ab
166 929 296 1004 hernia
316 935 427 1004 uteri.

59 1078 81 1116 κ.
102 1053 126 1118 A
151 1051 253 1121 eoitu
272 1052 385 1122 nimis
403 1049 619 1149 frequente,
643 1049 701 1123 vel
725 1075 745 1121 a
764 1051 866 1122 coitu
882 1048 996 1124 dole·

104 1164 219 1238 rifico.

58 1286 128 1368 M
160 1287 278 1358 nimia
313 1288 411 1360 uteri
446 1285 693 1358 irritabilitate
721 1302 790 1358 'aut
820 1288 979 1378 eensibi·

102 1402 214 1477 litate.

59 1553 84 1612 μ.
105 1523 162 1597 Ab
179 1525 470 1598 inirritabilitate
493 1541 559 1598 aut
579 1511 863 1598 insensibiliiate
881 1526 979 1621 ejus·
1020 1504 1023 1515 ¹

67 1687 73 1700 ·
104 1641 198 1712 dem.

63 1785 83 1825 ν.
104 1760 132 1826 A
150 1758 296 1832 defectu
318 1784 520 1834 consensus
550 1783 755 1832 nervorum
777 1761 874 1831 uteri
900 1782 986 1832 cum

105 1882 235 1952 orariis
254 1895 292 1953 et
318 1880 430 1954 tubis.

63 1995 86 2074 ξ·
108 1995 159 2067 Ab
182 1996 410 2070 ischomenia
436 1996 494 2070 vel
515 1997 759 2095 pausimenia.

66 2147 88 2187 ο.
112 2120 141 2190 A
167 2117 273 2194 fluxu
303 2136 587 2194 menstruorum
616 2120 746 2191 nimio.

64 2267 91 2307 π.
114 2241 269 2332 Amola,
283 2243 343 2315 vel
363 2239 605 2332 hydatidibus
621 2241 733 2312 uteri.

64 2386 87 2452 ρ.
110 2363 136 2430 A
150 2361 357 2451 vermibus,
371 2361 537 2450 calculo,
552 2359 676 2432 aliisve
690 2357 908 2456 corporibus
918 2381 987 2428 ex-

113 2481 295 2552 traneisin
315 2496 435 2556 utero.
654 2553 656 2558 .

66 2622 92 2664 r.
113 2601 139 2668 A
160 2598 323 2698 polypo,
338 2613 551 2672 steatomate
566 2651 576 2687 ‚
590 2597 716 2670 aliisve
733 2595 989 2670 excreeoentiie

116 2719 223 2788 uteri.

69 2859 94 2900 τ.
116 2831 168 2903 Ab
181 2833 449 2932 hysteroloxia,
467 2849 533 2906 aut
551 2835 648 2906 uteri
661 2835 735 2906 situ
752 2833 919 2931 obliquo.

71 2975 94 3015 v.
119 2953 146 3020 A
176 2950 352 3042 vulnere,
375 2952 542 3040 ademi,
560 2951 708 3040 ulcere,
728 2949 993 3038 oesifieatione,

113 3067 255 3143 skirrho
271 3127 282 3158 ,
300 3087 368 3144 aut
376 3071 626 3144 mrkinomate
642 3072 750 3142 uteri.

71 3215 98 3274 χ.
114 3199 141 3258 A
160 3212 330 3284 spasmo,
357 3205 425 3262 aut
445 3190 575 3264 dolore
595 3191 704 3260 uteri.

73 3307 106 3392 ψ.
123 3304 175 3376 Ab
193 3308 348 3382 orificiis
377 3309 553 3382 tubarum
574 3307 756 3380 ambobus
774 3306 998 3400 oietrucris,

119 3429 321 3526 concretis,
349 3445 416 3502 aut
437 3427 706 3502 deficientibus.
