2686 4850
255 441 298 514 o.
332 443 378 516 x.
411 437 716 510 anonimo.
885 458 954 536 7²9

83 637 142 734 Sp.
169 631 203 710 i.
227 633 412 732 Ectopiois
440 633 586 730 Oriflcia'
607 635 780 710 urethroe.
841 671 845 682 ·
971 659 980 668 ·

35 761 112 830 Srr.
135 753 417 854 Hypoapadiaais
441 759 554 828 Auca.
580 755 610 824 A
637 757 700 828 Gr.
722 744 956 850 lromadaiocff
1079 813 1081 817 v

34 875 156 970 quiex
172 869 314 946 orificio
337 869 496 944 urethrae
511 869 582 956 sub
607 851 739 970 glande
752 888 878 982 aperto
894 901 952 976 ge-

34 990 185 1064 nerandi
210 994 398 1092 incapaces
413 1003 504 1064 tunt
522 985 583 1088 (¹).

81 1109 220 1196 Vitium
248 1107 552 1184 conformationis
579 1123 781 1184 connatum
813 1113 955 1209 potius,

34 1253 144 1328 quam
159 1228 313 1304 morbus
329 1251 555 1330 puerorum,
576 1251 657 1328 quo
668 1227 855 1304 orificium
868 1255 957 1306 ure-

31 1345 122 1418 thrae
145 1345 201 1420 vel
221 1345 293 1420 sub
316 1346 448 1446 glande
464 1344 511 1420 ad
535 1345 665 1420 fossam
689 1345 956 1439 navicularcm,

28 1481 97 1538 aut
109 1464 262 1540 inferius
276 1467 316 1540 in
329 1468 492 1568 perinaeo
500 1489 618 1568 prope
629 1466 811 1564 originem
824 1469 935 1540 scroti
943 1521 955 1560 ,

29 1585 221 1684 aperitur3
247 1583 305 1660 vel
321 1587 431 1660 etiam
453 1585 520 1658 ubi
535 1599 656 1660 scroto
677 1587 716 1660 in
735 1585 857 1660 medio
878 1586 957 1661 lon·

28 1705 286 1806 gitudinaliter
306 1705 454 1802 diviso,
483 1721 520 1780 et
543 1705 658 1780 instar
679 1704 813 1778 orificii
840 1705 958 1780 vulvae

29 1823 138 1916 fisso,
160 1821 347 1899 orificium
370 1823 528 1898 urethrae
543 1825 584 1898 in
607 1820 726 1896 tundo
741 1825 820 1922 eJus
840 1829 958 1928 aperi·
1031 1863 1037 1878 ·

28 1961 97 2017 tur
108 1945 166 2040 (⁸⁴)
178 1971 186 2018 ε
198 1944 433 2044 Quandoque
448 1944 558 2018 etiam
572 1919 723 2020 uiethra
736 1944 873 2048 duplex
887 1953 960 2022 ori·

28 2061 162 2136 ficium
185 2059 355 2154 exhibet,
380 2063 557 2136 nnumin
571 2063 797 2136 extremitate
816 2063 960 2162 glandia

30 2179 221 2284 normale;
236 2179 395 2256 alterum
412 2181 483 2254 sub
493 2181 626 2280 glande
636 2181 833 2274 abnorme;
849 2186 960 2256 urina

32 2303 174 2376 interea
189 2303 413 2404 plerumque
432 2329 476 2378 ex
491 2304 692 2404 posteriore
706 2305 928 2378 excernitur.

82 2485 135 2555 N.
157 2485 207 2558 B.
231 2485 375 2554 Rorocn
388 2481 404 2580 (
417 2484 595 2556 rhoeam.
619 2481 821 2578 Annum.)
849 2484 960 2555 etiam

24 2624 161 2672 casum
172 2601 388 2688 observavit,
400 2599 467 2674 ubi
479 2600 628 2675 urethra
639 2603 811 2700 superius
827 2604 866 2674 in
881 2602 960 2676 cole

30 2719 105 2788 sita
117 2719 380 2813 juxtadorsum
392 2720 472 2814 ejus
485 2721 583 2792 inter
595 2703 748 2816 corpora
765 2743 960 2794 cavernosa

32 2859 165 2908 versus
180 2841 361 2909 anteriora
373 2836 598 2910 decurrebat

92 2959 135 3026 ln
153 2981 239 3028 casu
254 2955 412 3029 urethrae
427 2953 586 3026 absentis
601 2968 666 3025 aut
681 2973 877 3046 concretae,
899 2982 962 3030 na·

33 3089 124 3146 tura
142 3075 181 3145 in
198 3075 326 3172 pueris
341 3097 433 3173 eope
448 3095 516 3172 per
535 3085 692 3162 rectum,
710 3087 746 3144 et
769 3075 808 3144 in
830 3073 964 3173 puellis

27 3217 81 3266 ex
96 3191 224 3266 eadem
241 3215 347 3266 causa
364 3191 405 3264 in
420 3193 590 3290 vaginam
602 3189 673 3317 sibi
687 3192 783 3264 viam
800 3195 910 3290 parit.

76 3433 124 3515 (⁸)
143 3433 304 3494 Fabricius
316 3435 353 3496 ab
363 3431 600 3516 Aqoapcodentc
615 3408 724 3512 aliidue
738 3432 799 3512 jam
811 3443 963 3510 notarunt,

27 3535 94 3596 hoc
105 3534 217 3596 vitium
230 3557 292 3598 uon
303 3556 418 3616 temper
433 3533 565 3596 facultati
576 3531 734 3616 generandi
750 3535 870 3608 ebesan
885 3537 966 3614 quod

25 3643 67 3694 in
80 3653 144 3694 ono
162 3655 231 3695 caco
252 3634 461 3696 confirmatum
474 3625 578 3694 inveni
592 3635 624 3694 in
641 3634 707 3693 viro
725 3633 782 3694 hoe
804 3637 908 3696 morbo
919 3639 967 3698 la·

29 3737 185 3808 borante,
204 3729 257 3814 qoi
278 3756 359 3797 nunc
372 3745 455 3818 puter
476 3745 519 3798 cet
535 3735 629 3796 trium
645 3733 804 3796 infantum.

75 3825 145 3908 (⁸⁸)
171 3829 271 3894 Plures
291 3843 423 3898 auctores
443 3835 580 3898 homine·
596 3833 725 3899 mnodo
740 3843 772 3896 et
791 3835 878 3898 tertio
892 3835 967 3898 vitio
