2756 4850
341 451 473 524 osvr.
506 449 766 524 orcosns.
926 451 998 548 4⁸7

70 627 108 695 B.
136 623 442 698 Srurroutrrcos.

117 796 180 892 Sp.
207 793 240 868 8.
265 795 476 868 Mastoneus
494 795 740 892 Scrofulorus.

120 977 297 1045 Tumores
314 971 536 1074 plerumque
553 974 679 1068 plures
698 973 809 1092 duri,
833 973 999 1047 indolen-

72 1108 127 1164 tes
156 1115 437 1180 mammarum,
471 1095 511 1164 in
541 1093 715 1190 subjectis
750 1091 961 1166 scrofulosis

71 1208 300 1308 quandoque
327 1213 366 1281 in
395 1210 517 1283 ulcera
548 1211 753 1300 abeuntes,
778 1237 860 1310 quae
881 1211 1000 1308 pluri-

68 1326 142 1399 bus
162 1325 395 1402 somminulis
411 1330 573 1404 ichorem
587 1346 738 1408 tenuem
756 1335 999 1430 nigricantem
1123 1427 1128 1434 ι

70 1443 258 1539 fundunt,
284 1449 632 1548 supervenientibus
655 1478 733 1524 non
762 1477 844 1524 raro
866 1474 1000 1524 excres-

72 1567 204 1640 centiis
227 1565 404 1668 fungosis.

122 1733 181 1825 Sp.
197 1755 233 1828 9.
254 1733 464 1802 Mastoncus
477 1735 731 1830 Sypdilitirur.

122 1894 284 1980 Tumor,
304 1915 396 1990 saepe
411 1891 520 1963 etiam
538 1904 702 1962 tumores
715 1915 780 1962 seu
797 1887 887 1961 nodi
904 1887 1003 1988 glan-

74 2009 247 2086 dularum
272 2011 421 2110 plures,
444 2011 561 2100 duri,
589 2011 791 2100 rubentes,
815 2009 1002 2099 dolentes,

73 2131 298 2232 plerumque
314 2133 390 2205 eito
409 2132 449 2203 in
462 2146 648 2231 apostema
667 2131 725 2203 vel
744 2130 850 2204 uleus
865 2130 1003 2203 abeun-

74 2268 137 2327 tes.
153 2257 277 2352 Rupto
290 2267 532 2354 apostemate,
552 2251 660 2325 ulcus
676 2276 768 2352 sape
785 2251 1005 2340 corrodens,
1053 2285 1062 2300 x

76 2397 244 2474 serpens,
261 2376 477 2464 sinuosum,
494 2371 722 2473 quandoque
740 2376 849 2446 etiam
872 2372 1018 2472 fungo·-

73 2519 178 2587 aum,
192 2495 383 2596 lympham
400 2511 574 2586 tenuem,
588 2519 729 2584 eorm,
745 2493 1005 2594 sanguinolen-

76 2627 150 2686 tam
164 2613 339 2688 fundens.
358 2619 498 2694 Tumor
515 2617 555 2686 in
573 2639 706 2713 genere
722 2611 1004 2698 minuadurua,

75 2734 191 2830 magia
202 2731 343 2822 dolens,
357 2747 394 2804 et
406 2735 517 2808 citius
528 2755 692 2806 crescens
702 2755 815 2829 quam
826 2727 1006 2818 skirrhus3

74 2849 297 2948 plerumque
314 2850 427 2922 simul
443 2849 524 2922 aliis
544 2853 583 2922 in
605 2874 759 2948 corpore
780 2864 1006 2947 symptoma-

77 2965 177 3038 tibus
188 2965 414 3064 syphilitidia
425 2970 598 3069 stipatus,
614 2983 651 3041 et
661 2966 914 3067 utplurimum
933 2967 1006 3052 cito

76 3085 307 3186 hydrargyro
320 3087 463 3160 cedens.

125 3208 218 3282 Vide
233 3209 416 3308 Sypltilt‘r.

125 3393 187 3488 Sp.
212 3412 272 3479 Ιιο.
301 3387 513 3460 Mastoncus
541 3387 747 3460 Ulcerorua.

126 3573 294 3657 Tumor,
315 3581 381 3639 aut
403 3581 567 3640 tumores
585 3587 753 3636 mammae
769 3561 1007 3663 phlogistiei,

75 3688 201 3778 lactei,
222 3689 437 3760 metastatioi
452 3745 463 3778 ,
479 3684 683 3788 syphilitioi
695 3739 705 3779 ,
718 3684 1007 3774 scrofulosi,aut

76 3807 256 3882 sclerodes
279 3809 371 3882 varii
396 3811 435 3880 in
465 3807 589 3898 uloera
612 3805 816 3898 abeuntes,
837 3829 1007 3904 exaupra

850 3927 853 3959 t
