2908 4862
372 403 444 478 632
577 407 651 476 CL.
678 409 720 476 V.
749 407 930 475 MORBI
959 403 1152 477 TOPICI.

374 543 515 620 feriore·
528 547 618 616 ossis
643 546 795 618 humeri
822 560 1053 646 postrorsum
1070 558 1150 629 ,aut
1175 543 1313 614 intror-

372 691 455 738 sum
499 665 689 760 dimotiol,
715 667 939 766 plerumque
968 662 1216 761 incompleta3
1255 663 1313 734 vel

371 782 555 882 completa
579 808 666 856 cum
685 783 945 858 dilaceratione
968 783 1256 882 ligamentorum
1272 794 1311 852 et

370 899 533 976 fractum
548 902 711 976 olecmni
728 893 956 1002 complicata.
966 943 1022 961 -
1033 904 1193 974 Luxatio
1209 899 1309 972 ulna

370 1047 457 1095 cum
471 1049 548 1097 osse
560 1024 709 1096 humeri
722 1039 971 1122 prostrorsum
982 1047 1074 1121 saepe
1088 1020 1201 1094 simul
1210 1018 1311 1092 luxa·

370 1145 512 1216 tionem
536 1143 630 1214 radii
651 1167 738 1215 cum
758 1167 837 1216 osse
854 1143 1004 1215 humeri
1018 1127 1180 1214 'inducit
1197 1142 1312 1210 -Si

265 1320 268 1336 .
368 1284 411 1334 os
426 1261 522 1332 uluae
537 1261 742 1334 introrsum
761 1261 930 1334 luxatum
948 1273 1020 1350 est,
1050 1244 1178 1332 mdius
1190 1271 1312 1330 extro·
1334 1341 1338 1346 ,

250 1421 254 1430 ’
368 1405 452 1453 sum
478 1383 637 1453 vertitur
660 1405 747 1453 curn
776 1381 1028 1479 prominentia
1054 1379 1238 1468 exterius,
1270 1393 1310 1450 et

368 1504 593 1574 concavitate
611 1503 768 1574 interius
781 1499 1035 1600 perceptibili;
1052 1514 1090 1572 et
1103 1501 1307 1588 viceversa,

368 1625 399 1696 si
416 1623 556 1694 luxatio
571 1639 777 1695 extrorsum
803 1620 896 1694 facta
920 1619 1005 1693 fuit.
1019 1659 1075 1682 -ι
1088 1621 1123 1690 st
1143 1643 1184 1690 os
1206 1618 1307 1690 ulnae

367 1757 598 1841 postrorsum
621 1744 790 1816 luxatum
815 1758 896 1831 est,
926 1765 1117 1840 processus
1134 1741 1305 1814 coronoi-

366 1861 459 1932 deus
476 1862 662 1957 ejusdem,
683 1861 765 1934 loco
779 1861 959 1950 olecrani,
973 1875 1174 1932 retrorsum
1192 1861 1232 1934 iu
1247 1883 1304 1930 ar-

366 1980 584 2054 ticulatione
610 2007 696 2053 cum
720 2007 799 2064 osse
827 1981 976 2052 humeri
1008 1981 1242 2080 percipitur,
1268 1993 1305 2054 et

363 2095 561 2172 brachium
580 2103 819 2174 incurvatum
834 2099 982 2174 extendi
1000 2100 1144 2198 nequit.

412 2262 474 2356 Sp.
508 2283 565 2332 11.
593 2256 826 2332 Exarthrosis
851 2261 980 2332 Radit.

412 2419 513 2490 Ossis
531 2419 624 2490 radii
638 2445 659 2490 a
677 2445 777 2492 nexu
792 2444 861 2492 suo
874 2445 963 2492 cum
979 2419 1138 2492 humero
1154 2435 1300 2493 antron

360 2555 446 2610 sum
460 2551 526 2607 aut
536 2553 788 2636 postrorsum,
804 2541 1143 2612 rariusextromum
1157 2587 1168 2624 ,
1181 2536 1302 2610 dimo-

359 2659 424 2730 tio.
449 2661 605 2730 Luxatio
629 2677 841 2733 antrorsum
869 2675 906 2732 et
932 2684 1081 2734 sursum
1108 2681 1234 2730 versus
1258 2681 1301 2730 os

359 2775 509 2850 humeri
519 2778 611 2852 lacta
622 2779 670 2852 ob
683 2781 890 2860 tensionem
905 2778 1108 2867 fortiorem,
1120 2777 1299 2850 extensio-

359 2920 447 2967 nem
461 2911 498 2966 et
508 2899 786 2995 supinationem
801 2896 942 2970 brachii
957 2895 1131 2995 impedit,
1142 2893 1295 2966 brachio

357 3017 583 3116 plerumque
609 3043 730 3118 prono
758 3033 995 3107 remanente,
1027 3039 1114 3088 cum
1131 3013 1294 3086 violenta

356 3142 544 3238 pressione
561 3154 598 3212 et
615 3142 783 3214 tensione
801 3137 961 3212 musculi
985 3135 1171 3235 bicipitis,
1204 3135 1292 3233 liga-

356 3273 595 3350 mentorum,
618 3283 790 3332 vasorum
811 3273 848 3331 et
864 3283 1085 3350 nervorum3
1106 3257 1207 3329 unde
1224 3257 1293 3330 do·

354 3375 450 3450 lores
466 3403 613 3476 graves,
637 3395 782 3471 tumor,
806 3379 1054 3477 ecchymosis,
1082 3393 1296 3476 apostema,

355 3498 616 3589 immobilitas,
631 3500 831 3599 paralysis,
856 3517 894 3574 et
911 3499 1053 3572 cedema
1076 3497 1232 3570 brachii.

401 3661 463 3754 Sp.
495 3681 549 3730 ir.
574 3657 804 3734 Exarthrosis
826 3663 951 3760 Carpi.

402 3797 453 3868 Ex
480 3813 563 3868 octo
596 3798 740 3874 ossibus
776 3825 931 3902 carpum
970 3797 1292 3880 constituentibus
