2756 4850
145 475 151 494 ·
264 399 288 462 .·
346 415 817 508 o.V1.oucosus.‘
948 431 1019 522 485

138 577 327 652 VAurAr
339 597 412 672 pro
432 599 549 647 causa
569 587 740 648 remota:

78 762 113 804 α.
142 732 306 804 Δηίιηίει
320 730 551 805 abundantia
570 731 683 805 lactis.

75 854 115 942 β.
143 850 200 922 ΑΙ)
220 851 475 962 obstructione
492 875 536 922 ex
558 851 651 923 lacte
671 849 872 948 coagulato.
993 869 996 876 ’

79 1003 114 1068 y.
141 971 199 1074 Ali
215 974 422 1045 excretione
438 970 541 1043 lactis
556 969 734 1070 impedita
749 997 758 1040 :

138 1129 183 1182 1⁰.
210 1115 263 1206 Ex
280 1109 599 1200 inflammatione,
613 1109 759 1181 laesioue
773 1163 784 1199 ‚
800 1105 930 1180 fissura
952 1123 1017 1182 aut

180 1228 303 1302 ulcere
320 1229 558 1330 papillarum.

139 1367 190 1423 2⁰.
216 1355 269 1423 Ex
292 1349 442 1452 papillis
469 1351 583 1420 nimis
606 1347 808 1437 brevibus,
835 1349 1016 1439 inversis,

182 1470 418 1566 compressis,
434 1481 500 1538 aut
517 1467 611 1538 male
628 1465 878 1544 conformatis.

135 1581 188 1654 3⁰.
214 1593 265 1658 Ex
283 1586 459 1659 ductibus
471 1587 682 1660 excretoriis
693 1585 917 1686 papillarum
929 1610 1016 1658 oon·

178 1707 308 1795 cretis,
324 1705 382 1778 vel
396 1705 605 1778 obstructis.

133 1827 185 1910 4⁰.
210 1828 261 1898 Ex
272 1823 418 1900 defectu
434 1825 673 1924 papillarum.

81 1963 110 2032 δ.
137 1964 272 2035 lvitio
293 1961 446 2034 infantis
463 1989 471 2034 :
499 1965 551 2034 Ex
574 1961 730 2036 fraeuulo
751 1962 886 2062 liuguae
903 1965 1017 2036 nimis
1136 2005 1139 2010 ·

132 2078 237 2154 brevi
252 2108 262 2172 ;
280 2106 324 2154 ex
341 2080 440 2156 labio
457 2079 627 2180 leporino
641 2107 652 2168 ;
674 2105 719 2154 ex
731 2079 860 2156 fissura
875 2083 1015 2160 ossium

131 2199 243 2298 palati
254 2230 265 2293 ;
277 2227 321 2272 ex
334 2200 487 2299 aphthis
499 2215 565 2272 out
579 2198 768 2272 ulceribus
779 2201 854 2274 oris
866 2201 923 2275 vel
938 2199 1015 2274 fau·

82 2318 186 2390 cium
209 2319 444 2420 syphililicis.

133 2485 195 2580 up.
223 2483 257 2566 l.
284 2439 710 2558 MastoncusSclerodes.

135 2643 276 2712 Tumor
288 2639 472 2740 glandulas
485 2643 600 2715 unius
610 2697 621 2733 ,
633 2640 690 2715 vcl
703 2639 872 2739 plurium
885 2637 1015 2716 durus,

87 2783 178 2856 saepe
193 2757 386 2850 indolens,
405 2759 631 2858 plerumque
646 2785 691 2831 ex
709 2761 929 2836 contusione
950 2777 1016 2832 out

87 2875 258 2976 phlogosi
269 2877 381 2951 lactea
392 2901 585 2976 progressa
594 2895 698 2950 ortus
712 2907 721 2958 ;
735 2877 949 2980 frequenter
963 2903 1016 2952 re·

88 2994 221 3068 mediis
239 3000 398 3068 externis
415 2999 489 3068 cito
504 2995 761 3088 resolvendus,
789 2999 1017 3098 quaudoque

87 3119 126 3189 in
143 3115 271 3210 ulcus,
289 3117 352 3190 sed
371 3139 567 3216 uunquam
586 3119 625 3186 in
642 3115 854 3188 carliuoma
870 3115 1016 3206 abiens;

88 3235 241 3308 sollicite
257 3261 278 3308 a
291 3235 438 3309 skirrho
452 3235 750 3342 distinguendus.

131 3357 224 3440 Vide
240 3361 555 3436 Adenosclerosis.

133 3521 193 3609 Sp.
219 3515 251 3589 5.
276 3523 488 3593 Mastoncus
504 3523 734 3596 Skirrhosus.

132 3679 271 3750 Tumor
291 3679 474 3776 glandulae
489 3683 605 3756 unius
619 3703 809 3770 mammo,
831 3682 943 3754 initio
958 3683 1016 3756 inv

83 3791 235 3886 dolens,
257 3823 419 3896 parvus,
447 3799 586 3892 durus,
604 3801 705 3886 lente
720 3825 909 3892 crescens3
925 3801 1013 3882 dein
1123 3795 1127 3824 ¹
