2688 4850
433 455 504 560 590
611 459 682 532 en.
708 459 754 528 v.
779 455 946 526 nonnr
971 449 1165 528 rorrct.

432 599 578 670 tandem
602 597 826 684 inanitione,
845 619 890 664 ex
908 592 1156 690 deglutitione
1170 587 1306 690 impelii.

432 717 585 793 lethalis.

483 916 548 1011 Sp.
574 909 607 983 3.
635 909 794 1007 Polypus
809 911 988 983 Aurium.

483 1089 645 1186 Polypus
666 1089 705 1156 in
721 1101 845 1158 meatu
859 1084 1045 1156 auditorio
1064 1093 1217 1156 externo
1229 1095 1308 1152 nato.

432 1209 515 1282 visu
533 1205 636 1277 facile
651 1200 886 1300 detegendus.

481 1387 544 1482 Sp.
571 1385 604 1468 Δ.
628 1375 794 1479 Polypus
806 1383 910 1454 Uten'
921 1379 979 1454 vel
996 1375 1039 1456 V
1033 1387 1174 1480 oginoe.

481 1566 728 1642 Excrescentia
748 1589 879 1638 carnea
893 1617 902 1652 ,
917 1563 1060 1652 mollis,
1085 1561 1263 1648 indolens,
1278 1585 1307 1655 t?

433 1687 617 1775 tifernis,
631 1683 878 1786 pedunculata
892 1737 903 1772 ,
918 1684 958 1756 in
972 1679 1096 1756 tundo
1111 1683 1230 1768 uteri,
1245 1678 1281 1750 rel
1291 1727 1307 1744 n

433 1812 579 1880 interna
597 1787 699 1902 parte
718 1802 805 1875 colli
819 1803 921 1902 ejus,
950 1817 1017 1874 aut
1039 1801 1082 1874 in
1115 1804 1263 1900 margine
1280 1823 1307 1864 e·

431 1942 540 2000 terno
554 1923 687 1998 orificii
706 1925 824 2012 uteri,
850 1921 908 1994 vel
922 1923 1030 1994 etiem
1048 1921 1093 1992 in
1112 1923 1235 2020 vagina
1250 1931 1306 1988 nrt.

431 2041 610 2148 paulatim
635 2063 819 2136 crescens,
849 2055 1015 2138 tuncque
1039 2039 1156 2111 initio
1180 2061 1246 2108 non
1266 2057 1296 2102 re

433 2158 685 2258 granditatem
704 2158 896 2231 mentiens.
920 2161 1119 2254 Progressu
1137 2153 1245 2226 morbi
1258 2175 1302 2244 sap

430 2279 737 2376 haemorrhagiam
752 2279 872 2366 uteri,
893 2276 1153 2378 sterilitatem,
1175 2275 1227 2348 rel
1246 2275 1295 2343 eti.

431 2397 604 2468 abortum
622 2419 792 2484 musans3
805 2395 951 2471 tandem
964 2393 1157 2494 palpando
1172 2403 1207 2466 in
1218 2393 1305 2487 vagis--

433 2511 492 2586 vel
508 2515 618 2586 etiam
635 2530 741 2586 aucta
759 2513 855 2586 mole
878 2516 984 2602 visu,
1008 2529 1163 2588 externe
1180 2525 1305 2612 percep.-

433 2633 541 2706 bilis:
562 2637 613 2704 Ex
630 2635 900 2732 compressione
921 2634 1044 2704 vesicae
1073 2650 1114 2706 et
1140 2634 1222 2706 recti
1244 2629 1305 2716 dp.-

433 2758 550 2844 riam,
565 2753 623 2829 vel
655 2753 879 2839 ischuriam‚
912 2775 955 2824 ac
984 2765 1196 2826 tenesmum
1217 2765 1246 2822 et
1262 2745 1299 2832 dg·-

434 2871 602 2960 coiliarn,
620 2872 826 2942 tensionem
839 2869 1050 2943 abdominis
1063 2893 1211 2942 summe
1223 2865 1303 2938 dolr·

434 2987 542 3059 licam
558 3041 568 3073 ‚
586 2987 867 3085 haemorrhagiae
885 2991 981 3065 uteri
994 2986 1221 3088 frequentes,
1232 2983 1304 3056 sels·

434 3110 635 3178 cretionem
646 3119 875 3178 constantem
888 3109 1006 3196 muci,
1024 3123 1092 3180 aut
1106 3109 1235 3181 ichoris
1246 3097 1302 3172 iri-

434 3251 532 3302 cens.
547 3224 698 3298 Morbus
714 3223 776 3296 hic
792 3249 813 3298 a
830 3225 1005 3325 prolapsu
1020 3231 1119 3300 uteri
1134 3241 1198 3300 aut
1208 3225 1302 3318 vagire

432 3365 582 3416 necnon
594 3335 650 3417 ,nb
670 3345 884 3418 inversione
899 3347 1016 3436 uteri,
1035 3361 1169 3451 utpote
1189 3345 1301 3442 figunt

429 3457 550 3535 forma
567 3486 588 3532 a
602 3461 741 3562 polypo
755 3463 908 3538 diversis
921 3519 933 3554 ,
947 3489 989 3536 ac
1003 3463 1103 3538 sacili
1117 3463 1300 3540 reduction.

430 3601 514 3674 quse
537 3579 576 3648 in
593 3578 732 3678 polypo
744 3579 868 3654 locum
880 3608 957 3654 non
971 3581 1100 3668 habet,
1116 3583 1254 3658 sollicite
1265 3573 1302 3642 ds

431 3693 678 3788 unguendus,
698 3710 852 3772 eteaure
862 3701 1143 3793 examinandus,
1157 3723 1232 3773 curn
1243 3703 1299 3766 ent

427 3809 472 3888 in
484 3807 649 3909 diagnosi
662 3839 788 3912 graves
801 3818 967 3918 sequelae
983 3819 1117 3894 habere
1132 3819 1243 3922 possit
