2754 4858
402 453 474 526 562·
505 471 515 498 ¹
585 451 657 520 CL
683 448 728 516 V.
753 444 927 514 MORBI
950 443 1155 516 TOPICl.

400 605 510 679 sunt,
542 600 672 683 utpote
690 607 835 680 semper
851 581 978 652 tunica
990 605 1058 652 sua
1075 580 1249 670 inclusi;
1271 581 1337 680 ple

285 690 288 701 ⁵
401 702 657 804 rumquebasi
681 701 774 788 lata,
794 701 914 772 rarius
931 697 1156 798 pedunculo
1182 717 1335 796 angusto

404 825 629 900 membrana
657 818 838 894 cellulosae
857 820 955 892 cutis
983 820 1194 890 autetiam
1225 823 1333 918 puio-

401 964 479 1022 stco
494 946 741 1032 adhaerentes,
767 940 922 1014 rotundi
941 940 1000 1012 vel
1016 939 1183 1038 oblongi
1199 965 1211 1026 ς
1239 941 1334 1010 initio

400 1069 624 1168 plerumque
638 1061 785 1166 parvuli
798 1059 873 1134 fere
893 1058 1130 1148 indolentes,
1162 1061 1249 1132 cuti
1263 1087 1333 1132 coc

399 1186 563 1271 colores,
584 1179 763 1272 mobiles;
790 1203 986 1279 progressu
1007 1175 1135 1250 morbi
1160 1203 1263 1277 saepe
1283 1179 1332 1250 do

397 1299 552 1386 lorilici,
581 1298 768 1371 decolores
781 1314 818 1370 ct
834 1295 1066 1384 immobiles,
1095 1297 1282 1396 partibus
1295 1301 1334 1368 ri

396 1423 490 1496 cinis
503 1419 648 1494 fortiter
661 1418 783 1510 affixi,
815 1443 857 1490 ac
878 1417 1058 1517 gradatim
1076 1419 1122 1488 in
1144 1419 1332 1518 ingentem

258 1519 261 1526 Ι
315 1549 318 1554 ’
393 1539 691 1640 magnitudinem
705 1541 961 1624 increscentes,
973 1551 1148 1635 tuncque
1165 1563 1253 1610 non
1266 1563 1332 1608 raro

396 1676 528 1760 sponte
553 1661 594 1730 in
622 1658 844 1760 phlogosin,
873 1675 910 1731 et
935 1673 1128 1758 apostema
1146 1658 1329 1732 abeuntes

394 1779 628 1878 Quandoque
649 1780 758 1852 etiam
789 1793 923 1878 sponte
950 1793 1064 1878 rupto
1093 1780 1259 1852 sacculo
1291 1799 1330 1852 te·

394 1899 508 1971 nuior
516 1898 656 1970 humor
669 1897 893 1996 gelatinosus
903 1893 1043 1968 effusus
1057 1893 1329 1970 absorbeturet

393 2015 547 2090 morbus
560 2018 740 2090 evanescit
752 2016 830 2106 3ch
844 2041 970 2089 saccus
983 2016 1133 2116 deperit
1144 2071 1156 2108 ,
1169 2035 1214 2093 et
1232 2039 1326 2092 mate

391 2138 447 2208 ria
459 2150 632 2209 contenta
644 2139 685 2208 in
697 2135 824 2208 eodem
838 2135 919 2208 loco
930 2137 1327 2238 remanetAliquandc

392 2255 434 2327 hi
447 2273 610 2328 tumores
628 2257 726 2326 inter
739 2254 928 2327 musculos
939 2270 977 2327 et
988 2255 1171 2330 tendiues
1186 2260 1327 2332 descen·

391 2377 511 2466 dunt,
534 2375 663 2473 ibique
679 2377 798 2448 varios
811 2397 932 2448 saccos
945 2373 1123 2448 formant.
1145 2383 1328 2479 Frequen-

390 2512 447 2570 ter
458 2521 502 2568 ex
518 2497 633 2568 unico
645 2519 770 2590 sacco,
788 2495 1015 2594 quandoque
1029 2521 1074 2568 ex
1087 2499 1261 2574 sacculis
1274 2517 1328 2572 aut

388 2617 486 2688 cavis
500 2613 695 2714 pluribus,
721 2618 938 2716 sepimentis
955 2617 1145 2690 distinctis
1177 2623 1283 2695 inter
1296 2647 1325 2694 se

388 2739 581 2836 separatis,
593 2752 774 2809 constant.
786 2740 934 2810 Materia
952 2739 989 2808 in
1003 2737 1136 2810 iisdem
1150 2759 1324 2816 contenta

388 2859 500 2932 modo
511 2857 729 2957 gelatinosa,
744 2856 803 2931 rel
813 2856 1046 2930 albuminosa
1060 2865 1194 2933 tenuis
1208 2863 1321 2962 limpi

386 2979 450 3068 da,
466 2978 577 3050 modo
595 2975 711 3074 pultis
721 2992 786 3048 aut
798 2975 919 3049 mellis
927 2981 1203 3070 consistentiae,
1219 2985 1320 3055 mod:

386 3119 502 3168 crassa
525 3093 698 3166 lardacea.
721 3095 958 3196 Quandoque
978 3099 1088 3170 etiam
1118 3125 1164 3171 ex
1198 3107 1320 3174 tunica

388 3213 561 3286 cellulosa
586 3216 683 3286 varic
703 3215 940 3312 degenerata,
974 3218 1032 3289 vel
1049 3245 1093 3290 ex
1110 3219 1319 3296 substantia

385 3334 478 3406 dura
492 3333 567 3407 lere
575 3333 829 3432 cartilaginea,
845 3351 912 3408 aut
929 3337 1108 3411 calculosa
1120 3363 1317 3429 constant,

383 3455 573 3524 autetiam
596 3477 748 3526 massam
778 3479 823 3526 ex
845 3455 932 3554 pilis
957 3461 1054 3530 inter
1070 3485 1108 3532 se
1132 3469 1316 3536 contextis

382 3573 586 3644 continent.
599 3571 821 3673 Plerumque
835 3579 958 3652 aritio
967 3581 1109 3677 topioO,
1127 3607 1172 3654 ex
1182 3601 1313 3656 contu·

381 3688 483 3760 sione
500 3689 614 3762 aliave
627 3695 665 3763 ri
685 3709 834 3768 externa
848 3693 948 3768 illata
962 3700 1057 3786 orti,
1070 3724 1169 3798 pure
1178 3707 1313 3776 taceas

379 3821 480 3881 suut.
493 3813 671 3886 Tumores
685 3813 797 3890 multi
809 3817 849 3888 in
864 3822 1033 3892 neonatis
1043 3821 1083 3896 iu
1093 3823 1310 3925 surperficie
