2908 4862
397 449 438 516 o.
464 443 529 514 v1.
561 441 819 514 oncosns.
978 447 1044 545 σῃ

169 609 222 684 A.
248 601 445 702 Ganglion.

149 729 219 804 ,ὥ
245 721 441 820 Ganglion.

173 849 242 920 Ge.
254 841 474 918 Ueberbein·
559 847 583 920 .'

133 994 136 1027 Ε
170 1029 253 1098 lluc
267 1027 377 1096 etiam
396 1021 583 1122 pertinere
597 1019 774 1093 videntur
788 1035 952 1097 tumores
963 1029 1051 1124 Kye

123 1146 211 1232 tici,
233 1143 347 1242 vulgo
375 1144 596 1242 lymphatici
612 1139 725 1230 dicti,
761 1136 914 1242 frigidi,
940 1143 1052 1240 duri,

121 1265 347 1348 renitentes,
376 1259 433 1332 vel
459 1258 668 1350 molliores,
688 1258 843 1333 obscure
871 1261 1053 1337 fluctuan-

94 1388 99 1396 '
124 1398 199 1466 tes,
220 1381 515 1477 circumscripti,
535 1379 633 1454 lente
650 1405 680 1454 a=
691 1381 822 1480 pisiad
839 1385 899 1456 ovi
914 1385 1053 1458 colum·

47 1571 52 1582 .
124 1503 230 1590 bini,
259 1501 451 1583 autetiam
471 1499 662 1598 gallinacei
680 1501 976 1600 magnitudinem
997 1505 1052 1576 in.-

126 1636 345 1715 crescentes,
367 1644 416 1724 ,⁶3
439 1616 554 1694 effusa
582 1619 764 1718 lympha,
794 1646 858 1696 seu
881 1625 1055 1720 portione

125 1737 360 1839 albuminosa
377 1738 435 1836 yel
454 1739 653 1836 gelatinosa
680 1741 871 1838 sauguinis
888 1742 927 1812 in
954 1741 1059 1834 tuni·

127 1857 208 1928 cam
240 1852 451 1928 cellularem
488 1857 528 1926 in
558 1857 669 1927 variis
697 1858 861 1954 corporis
891 1855 1059 1954 partibus

126 1977 221 2066 orti;
250 1967 438 2047 non'raro
459 1971 504 2044 ad
530 1973 668 2064 finem,
692 1975 723 2045 si
740 2001 856 2074 prope
871 1965 960 2047 'ossa
978 1979 1060 2066 siti,

47 2139 50 2142 -
126 2095 451 2194 degenerationem
478 2095 677 2190 periostei,
713 2091 770 2164 vel
793 2094 903 2168 etiam
928 2081 1061 2166 cariem

128 2216 269 2288 ossium
295 2213 525 2286 inducentes.

134 2454 456 2528 occcnxxur.
532 2443 937 2528 nrononrsrrs.
995 2487 999 2504 ·
1090 2412 1092 2420 ’

183 2579 216 2646 Δ
238 2577 301 2646 Gr.
318 2563 406 2674 Ῠδωρ
420 2575 516 2672 aqua
524 2629 536 2666 ,
552 2580 711 2688 etlir'mn
730 2599 866 2650 saccus.

74 2789 78 2798 ’
191 2755 360 2841 Tumor
383 2771 598 2860 saccatur,
625 2753 854 2842 humorem
872 2771 1064 2842 seros'um

136 2903 210 2974 aut
237 2885 548 3000 lymphaticum
575 2889 823 2990 continens,
850 2890 1064 3002 praecipue

137 3025 186 3108 in
214 3050 322 3105 cavo
354 3017 591 3103 abdominis
620 3014 885 3130 frequentius
917 3051 1067 3106 occur-

137 3181 258 3255 rens,
278 3143 369 3236 'sine
393 3147 480 3236 ullo
497 3147 656 3233 indicio
675 3147 902 3262 hydatidis.
920 3151 1069 3268 Quan-

140 3283 282 3399 doque
304 3284 445 3398 plures
465 3284 567 3368 tales
580 3300 795 3386 tumores,
816 3281 981 3395 frigidi,
1003 3313 1070 3368 ro·

140 3413 295 3521 tundi,
313 3413 689 3520 cnticoncolores,
708 3413 969 3546 indolentes,
990 3445 1072 3540 maj

142 3610 445 3744 ntnm'qmpnhicsm
460 3608 642 3740 enodantes,
666 3653 786 3736 iamque
804 3654 841 3714 eb
860 3654 1069 3730 Burconem,

145 3753 240 3817 Gamo
251 3768 280 3816 et
293 3757 421 3818 Guneus
437 3758 551 3832 notati,
564 3755 623 3816 huc
634 3755 823 3840 pertineant,
835 3754 1072 3854 observatoribut

141 3855 257 3922 fututa
273 3854 531 3918 determinandum
544 3855 692 3938 relinquo.
