2782 4860
309 431 759 520 o.1'x.L1ru1asus.
927 445 1001 544 259
1104 539 1113 564 Ι

71 617 301 716 occurs
373 641 819 714 -unonrrurasrs

119 783 182 852 Gr.
210 787 434 881 Οὐρολιθιάσις,
462 781 509 856 ab
534 779 640 882 οὖρον,
665 781 792 868 urina,
821 794 857 852 et
880 785 999 862 λιθίασις

70 902 257 996 generatio
273 899 417 976 calculi,

120 1101 273 1194 Morbi
301 1132 375 1188 seu
394 1115 682 1216 symptomata
715 1097 914 1184 morbosa
939 1127 997 1186 ex

73 1232 253 1338 sabulo,
276 1233 470 1338 arenula,
493 1231 645 1346 lapillis
672 1247 745 1318 aut
764 1229 936 1318 calculis
952 1231 1000 1314 in

74 1382 299 1478 systemate
327 1395 532 1452 vasorum
560 1365 850 1452 urinariorum
875 1394 998 1477 geue·

73 1495 145 1580 rali
179 1497 352 1584 oriundi
370 1498 472 1608 (*)‚
505 1529 583 1614 pro
611 1497 734 1602 sede,
756 1493 894 1610 figura
924 1511 999 1582 aut

107 1729 152 1812 (⁴)
162 1731 310 1794 cachexia
319 1734 464 1796 calculoso
474 1737 641 1816 systematis
656 1735 784 1796 asinarii
796 1779 805 1808 ,
818 1753 893 1814 saepe
905 1735 999 1794 instar

72 1831 213 1904 uschexias
226 1831 401 1914 podagrico,
416 1853 486 1894 cum
498 1853 558 1913 qua
572 1855 708 1916 magnam
719 1833 883 1914 analogium
898 1833 998 1907 babet,

70 1929 251 1990 hereditaria
265 1941 328 2006 est,
343 1953 419 2013 saepe
430 1933 520 1992 etism
538 1933 699 1994 endemics.
724 1935 767 1994 Ut
789 1932 948 2014 podagram
964 1933 1000 1992 in

70 2029 235 2108 regionibus
250 2030 323 2090 vino
343 2029 588 2106 abundantibus,
610 2033 653 2091 sic
672 2029 862 2092 urolitbissiu
879 2030 912 2090 in
926 2029 999 2088 locis

69 2130 261 2192 ubibomines
273 2133 415 2194 cerevisia
427 2133 574 2216 praecipue
585 2153 641 2214 pro
654 2143 727 2216 potu
738 2141 883 2206 utuntur,
894 2133 926 2192 in
938 2132 999 2191 Eu·

68 2249 133 2310 rope
144 2231 331 2312 frequentem
348 2235 562 2308 observamus,
575 2236 639 2293 imo
652 2234 739 2294 etism
755 2230 813 2310 jsrn
831 2231 998 2292 infantibus

67 2329 210 2390 infestum.
222 2331 374 2413 Podagrici
383 2333 445 2394 lere
452 2353 570 2408 omnes
583 2333 713 2394 maxime
722 2331 869 2392 sslultiors
877 2331 995 2404 morbo

67 2427 234 2510 ncpbrslgic
246 2431 381 2492 nbmosa
397 2433 554 2508 lsborsut3
580 2453 642 2492 uon
667 2451 735 2491 raro
757 2429 847 2490 etism
871 2427 996 2488 eandem

65 2527 264 2639 nepbrslgiam
278 2531 454 2614 podagraa'
425 2531 566 2592 uernam
582 2531 728 2591 videmus.
754 2554 809 2576 -
824 2531 947 2590 Veteres
965 2535 996 2586 ct

65 2601 259 2701 recentiores,
282 2627 319 2688 sd
330 2629 436 2690 ultima
448 2631 510 2692 sero
524 2641 658 2724 tempora
674 2651 786 2710 usque,
798 2627 926 2688 calculos
935 2627 998 2686 uri-

64 2723 160 2782 uarios
180 2744 236 2804 pro
253 2725 491 2788 concretionibus
509 2727 632 2809 lapideis
649 2727 786 2788 saluareio
801 2724 994 2795 habueruut,

62 2802 154 2880 donee
173 2823 272 2882 celeb.
290 2823 432 2896 Sebaste,
452 2825 602 2886 clrcmieus
622 2823 721 2885 anuli
743 2822 862 2904 elapsi'
852 2820 994 2903 ingenio-

62 2921 205 2996 sissimus,
227 2923 272 2998 (in
285 2924 355 2986 sctis
365 2926 527 2988 Stoukolm.
542 2945 597 3006 pro
608 2945 687 2986 auno
701 2945 733 3006 ι7
738 2925 854 3006 79)1ιοι
864 2921 994 2982 calculos

61 3040 121 3080 uon
132 3041 169 3081 ex
180 3030 261 3082 terre
271 3023 419 3100 ιιιΙοιιαι,
432 3034 467 3086 ut
476 3025 567 3105 vulgo
578 2945 772 3102 cresconii,
794 3021 845 3084 ssd
859 3043 897 3082 ex
906 3019 991 3080 acido

61 3121 203 3200 peculiari
219 3134 358 3184 concmto
370 3171 378 3200 ‚
392 3135 493 3206 postea
507 3125 630 3185 nomine
647 3123 723 3184 scidi
734 3123 810 3185 urici
827 3122 990 3200 insignito,

60 3235 192 3284 constare
201 3213 317 3304 primus
328 3225 450 3302 docuit3
463 3223 513 3284 sed
525 3223 660 3302 suulysin
673 3223 760 3304 longe
773 3221 989 3284 exactissimam

58 3324 167 3384 borum
182 3323 364 3384 calculorum
377 3325 506 3385 maxime
524 3321 640 3384 duobus
662 3321 801 3382 chemicis
819 3317 988 3379 illustribus

60 3427 206 3505 Fossrcmy
219 3433 249 3484 et
261 3425 436 3506 Vauqmtin
453 3425 608 3486 debemus·
635 3423 680 3484 Hi
694 3422 782 3482 unito
794 3421 914 3494 labore,
926 3417 986 3480 cst-

58 3521 395 3586 culosusiusriosvsrios
402 3527 515 3605 nualysi
523 3525 661 3585 cbemi
670 3521 814 3585 exactiori
831 3517 987 3602 subjicien-

59 3634 119 3700 tes,
129 3645 177 3684 eus
191 3625 314 3686 diverses
327 3625 487 3686 admodum
498 3634 611 3686 naturas
629 3633 689 3684 esse
699 3626 892 3686 invenerunt.
907 3623 985 3684 Cum

61 3722 122 3782 uso
137 3723 261 3783 inventa
277 3743 422 3784 summam
437 3725 470 3784 iu
491 3725 579 3806 praxi
604 3725 718 3784 medica
737 3723 897 3785 utilitatem
917 3741 987 3803 pro-

63 3822 209 3900 mittunt,
228 3821 331 3884 estem
343 3843 434 3904 supra
451 3845 481 3906 p.
501 3843 537 3904 ¹9
555 3827 653 3906 ample
666 3826 809 3886 recensui.

767 3927 846 4014 ιιι
