2756 4850
277 489 280 498 f
335 435 379 504 0.
414 433 481 504 vl.
514 430 765 502 ONCOSES.
946 432 1013 513 lior

62 585 150 658 aut
172 573 305 656 etiam
324 601 425 658 oum
448 571 785 660 inflammatione
805 570 1018 656 membra-

60 733 141 787 nae
175 703 390 789 cettularis
409 703 629 790 substratae
647 703 935 817 complicatus.

118 833 225 906 Vide
256 835 367 908 etiam
390 839 433 908 V.
460 838 487 907 l.
512 859 549 934 p.
580 859 675 936 190,
716 837 1018 933 Biennorrhagio

68 956 302 1052 Vaginolis.

63 1097 160 1164 Srre.
194 1091 354 1192 Colpitis
368 1096 481 1170 Auot.

122 1272 200 1368 Sp.
214 1297 244 1341 1.
272 1270 461 1369 Kyathitis
475 1275 649 1370 Simplex.

121 1447 565 1548 Phlogosis'membranae
583 1472 756 1539 mucore,
773 1449 1020 1537 labinum,

71 1569 259 1665 vaginam
277 1570 400 1658 uteri,
415 1584 481 1642 aut
498 1568 638 1640 oollnm
657 1569 754 1641 uteri
784 1570 930 1641 interne
965 1571 1022 1640 in-

71 1701 288 1759 vestientis.

129 1869 202 1967 Sp.
236 1893 271 1938 n.
296 1863 481 1964 Kysthitis
504 1867 743 1962 complicata.

126 2025 328 2124 Phlogosio
354 2023 577 2096 membrano
605 2047 786 2115 mucorae,
824 2023 938 2096 simul
980 2049 1022 2096 ae

80 2143 316 2216 membraneo
333 2141 517 2214 cellularis
545 2141 755 2230 substratae,
785 2157 850 2214 aut
870 2142 1023 2240 glandu-

80 2265 210 2340 larum
229 2263 372 2354 vulve,
387 2263 611 2364 plerumque
626 2289 714 2337 eum
729 2263 851 2336 ulcere
866 2271 1004 2354 juncta.

133 2427 388 2502 me
419 2449 623 2521 procoma
649 2437 814 2498 remota:

84 2615 114 2655 a.
140 2589 174 2654 A
198 2585 288 2656 viru
312 2581 528 2682 syphilitico
543 2637 554 2674 ‚
569 2583 688 2656 aliove
703 2587 779 2656 aeri
796 2608 1025 2683 quocunque

137 2719 294 2776 externe
311 2701 507 2800 applioeto.

90 2823 122 2910 β.
148 2826 183 2891 Δ
210 2819 382 2909 diadexi,
416 2846 482 2892 seu
508 2818 556 2892 ab
581 2820 741 2894 humore
766 2824 837 2892 acri
857 2845 1025 2920 quocun·

136 2967 215 3040 qne
236 2941 360 3013 sedem
381 2955 575 3028 mutante,
597 2957 635 3012 et
656 2942 792 3012 exalia
817 2955 939 3039 parte,
968 2939 1025 3010 vel

138 3065 252 3136 etiem
270 3087 315 3132 ex
329 3085 445 3132 massa
460 3059 665 3132 humorum
682 3059 891 3132 advolvam
913 3057 1027 3156 depo-

140 3185 227 3254 rito.

93 3333 121 3394 y.
148 3310 179 3374 Α
198 3303 382 3374 metesnri
399 3300 543 3390 febrili,
558 3298 784 3400 parotidum.

94 3424 122 3493 δ.
147 3433 173 3496 Α
190 3425 376 3524 possano,
391 3423 449 3494 rel
469 3423 685 3518 injectione,
701 3433 767 3490 aut
782 3417 922 3490 lotione
941 3417 1029 3488 acri.

97 3569 120 3610 ε.
145 3543 202 3614 ΑΙ)
221 3543 448 3616 asoeridibus
463 3543 502 3614 in
518 3540 628 3612 vulva
646 3535 916 3610 nidulnntibus.

98 3668 125 3740 ζ.
149 3661 208 3732 ΔΙ)
225 3661 384 3734 humore
399 3663 497 3750 acri,
514 3687 558 3732 ex
573 3675 679 3732 utero
693 3657 914 3730 destillante.

100 3807 129 3858 t·
155 3779 212 3852 Ab
228 3784 434 3855 irritatione
449 3806 623 3854 vasorum
641 3777 1017 3854 haemorrhoidrlium.
