2792 4852
238 416 241 424 ’
333 435 404 518 402
532 425 613 494 ct.
641 424 681 496 v,
712 375 887 492 uuum
910 422 1099 490 TOPICL

331 559 585 646 sedifferunt,
598 573 641 632 ut
657 556 892 654 Phlegmasiae
905 557 968 646 ‚de
979 558 1121 656 quibus
1132 562 1175 629 V.
1193 561 1220 628 t
1235 585 1270 658 p.

334 690 381 780 49
404 697 439 754 et
456 706 530 777 seq.
543 682 698 776 egimus.
710 669 842 748 Ex'hac
858 679 1001 749 ratione
1028 694 1197 752 tumores
1210 683 1265 754 in·

332 801 598 876 flammatorios
618 813 794 872 'externos
825 798 1100 895 distinguimus
1132 801 1175 868 in

386 939 433 996 1⁰.
460 923 722 1024 Phlogismatq
735 923 804 1020 'seu
840 931 1006 992 tumores
1027 917 1273 992 inflammato

266 1051 268 1064 '
333 1047 427 1130 rios,
449 1042 516 1137 qui
535 1039 657 1114 sedem
674 1061 779 1112 suam
806 1039 844 1110 in
867 1036 1084 1112 membrana
1104 1037 1273 1110 cellulari

333 1161 392 1234 vel
407 1161 534 1234 tunica
548 1158 698 1254 adiposa
711 1158 827 1244 cutis,
847 1155 905 1230 vel
926 1157 966 1228 in
990 1153 1169 1254 glandula
1184 1183 1275 1256 qua·

333 1301 484 1375 cunque
501 1274 727 1349 subcutanea
741 1273 903 1362 habent,
921 1291 958 1350 et
984 1273 1216 1374 plerumque
1233 1279 1273 1348 in

331 1395 640 1492 suppurationem
654 1417 718 1463 seu
735 1407 946 1489 apostema,
965 1392 1028 1463 sed
1040 1393 1275 1493 quaudoque

331 1515 441 1590 etiam
466 1513 505 1584 in
533 1510 706 1586 sclerosin
722 1535 788 1584 seu
803 1526 990 1589 tumorem
1015 1511 1182 1602 durum,
1207 1527 1275 1584 aut

330 1635 371 1703 in
392 1654 622 1729 gangraenam
647 1629 797 1704 abeunt.

362 1765 431 1819 ¹2⁰.
457 1751 785 1846 Epiphlogiamata
818 1755 883 1824 seu
921 1741 1146 1846 palmosa,
1190 1775 1275 1847 qua

333 1877 373 1948 iu
403 1873 620 1948 membrana
645 1895 821 1962 mucosa,
852 1875 891 1946 in
923 1887 1074 1946 externa
1105 1879 1277 1973 corporis

333 1992 550 2091 superficie,
566 1993 622 2064 vel
637 1997 675 2063 in
690 1993 859 2082 naribus,
870 1991 1041 2064 faucibus
1052 2009 1121 2065 aut
1134 1997 1176 2064 iu
1190 2019 1274 2066 um·

331 2111 415 2184 thra
430 2113 488 2182 vel
505 2113 636 2212 vagina
647 2127 714 2186 etc.
734 2111 855 2187 sedem
873 2111 1036 2202 habeut,
1053 2130 1089 2186 et
1102 2113 1274 2214 plerum·

331 2256 406 2328 que
420 2254 555 2327 magno
569 2245 734 2320 tumore,
746 2230 867 2306 colore
884 2229 1077 2318 flammeo,
1092 2247 1129 2303 et
1139 2233 1273 2304 amlore

331 2351 499 2434 intenso,
516 2372 557 2417 ac
577 2373 647 2446 pro
671 2347 813 2420 ratione
832 2346 903 2420 loci
923 2351 1032 2420 etiam
1053 2347 1274 2448 frequenter

330 2466 532 2560 secretione
545 2467 645 2536 muci
661 2465 879 2564 puriformis
890 2469 1273 2565 eopiosa‘stipantur;
1306 2549 1313 2560 ⁸

329 2609 397 2681 per
406 2609 662 2684 seuunquam,
676 2587 747 2656 nisi
757 2609 843 2658 cum
857 2584 1027 2684 phlogosi
1040 2613 1139 2659 mem
1147 2588 1274 2660 branae

330 2703 514 2774 cellularis
549 2705 721 2800 junctae,
759 2707 798 2776 in
824 2709 1166 2804 supputationem,
1205 2707 1270 2780 sed

329 2823 558 2922 quandoque
582 2826 621 2893 in
659 2823 1042 2922 desquammationem
1066 2827 1272 2924 epidermi-

327 2943 406 3032 dis‚‘
433 2943 490 3014 vel
512 2948 550 3014 iu
568 2943 711 3034 ulcera,
736 2961 802 3018 aut
828 2948 937 3026 etiam
967 2950 1007 3026 in
1030 2971 1267 3046 gangraenam

326 3061 476 3134 abeunt.

379 3181 429 3253 3⁰.
456 3185 777 3279 Inopltlogismata
815 3209 879 3258 seu
922 3183 1120 3284 phlogoses
1151 3213 1267 3260 mem-

327 3301 451 3372 branae
477 3301 641 3390 fibrosae,
667 3327 749 3400 quae
776 3303 898 3378 sedem
923 3330 1030 3378 suam
1055 3309 1096 3378 iu
1120 3311 1266 3406 vaginis

327 3417 583 3490 musculorum
608 3436 674 3491 aut
700 3423 738 3492 in
769 3421 1006 3514 tendiuibus,
1032 3422 1265 3522 ligamentis,

327 3537 486 3633 capsulis
525 3535 789 3630 articulorum,
829 3539 953 3614 bursis
983 3543 1268 3634 synovialibus,

323 3672 390 3728 aut
403 3659 442 3728 in
458 3661 639 3754 periosteo
653 3659 791 3732 habent
808 3717 818 3752 ‚
840 3687 1061 3762 uunquam,
1085 3667 1160 3735 nisi
1175 3689 1264 3738 cum

321 3777 492 3878 phlogosi
509 3779 733 3854 membrana
746 3781 932 3856 cellularis
944 3785 1106 3880 juncta,
1123 3809 1267 3884 suppu-
