2782 4860
361 479 434 554 310
514 439 610 550 'cn
636 479 680 553 v.
706 477 888 549 nonni
913 477 1108 557 rortcr.

364 667 404 743 Α.
440 663 619 736 Commta.

414 841 604 918 Μαι·
621 865 694 940 pro
715 865 834 916 cauea
851 853 992 916 remota
1009 870 1021 909 .-

358 1033 391 1080 α.
417 999 474 1078 Ab
492 999 623 1074 atresia
641 1021 709 1072 seu
733 993 1037 1100 imperforatione
1061 977 1285 1070 meatus'au·

413 1119 563 1192 ditorii:

419 1266 448 1312 r.
464 1241 518 1309 Ex
531 1237 746 1324 membrana
755 1233 946 1309 orificium
959 1248 1104 1308 meatus
1113 1235 1284 1314 auditorii

509 1355 716 1430 claudente.

407 1503 442 1551 a.
468 1483 518 1549 Ex
539 1478 777 1582 concretione
800 1491 944 1551 meatus
966 1463 1093 1576 ipsius.

356 1597 389 1692 β.
415 1597 469 1680 Ab
484 1594 658 1672 auriculae
678 1592 836 1670 defectu.

251 1729 256 1736 ’
357 1747 386 1816 y.
413 1720 444 1788 Δ
467 1709 633 1804 defectu',
662 1711 899 1788 concretione
923 1725 990 1784 aut
1016 1715 1156 1787 stenosi
1186 1711 1283 1788 tuba·

410 1859 497 1908 rum
523 1831 721 1907 Eustachii.

358 1956 386 2031 δ.
414 1948 1110 2043 ndefectu,laesione,traetura‚earie,
1127 1965 1286 2041 tumore,
1372 1999 1373 2040 ξ

406 2086 471 2146 aut
487 2074 723 2148 concretione
737 2073 877 2146 ossium
892 2072 1003 2144 auris.

357 2223 380 2264 ε.
408 2193 438 2262 Α
457 2187 623 2280 defectu,
639 2188 1088 2282 testonedestructione,
1103 2213 1282 2288 compres·
1373 2249 1374 2256 ,

405 2311 508 2383 sione
540 2325 607 2382 aut
640 2312 878 2384 concretione
914 2311 1079 2412 partium
1113 2310 1283 2384 mollium

406 2432 535 2532 organi
554 2429 717 2506 auditus.

358 2566 388 2638 ζ.
416 2557 444 2622 Α
465 2550 628 2641 lesione,
642 2553 933 2650 compressione,
950 2550 1137 2651 atrophia,
1149 2564 1215 2624 aut
1228 2574 1286 2649 pa·

409 2670 518 2770 ralysi
535 2673 639 2743 nervi
655 2672 819 2744 acustici.
853 2709 857 2720 ·

356 2861 392 2925 tt.
417 2852 650 2949 Aequieita:
776 2869 780 2878 ’

404 3031 448 3099 ln
469 3027 589 3126 prima
611 3025 836 3124 joventute,
871 3041 1072 3128 antequam
1103 3051 1284 3128 organum

354 3147 509 3248 loquele
527 3144 720 3222 evolutum
739 3161 806 3222 est.

408 3329 565 3400 ΗΜΛ
576 3350 602 3401 r
614 3352 686 3426 pro
702 3351 820 3398 cenea
833 3340 995 3400 remota.-

356 3537 385 3576 ι.
412 3505 443 3574 Δ
466 3501 637 3594 taesione,
671 3514 738 3576 aut
772 3501 1023 3576 destructione
1057 3505 1199 3576 ossium
1231 3499 1286 3576 vel

389 3622 568 3720 ¹partiunt
586 3621 759 3696 mollium
776 3625 887 3698 auris.

350 3747 384 3836 β.
412 3739 624 3830 Hesione,
646 3737 920 3841 compressione
930 3756 995 3815 aut
1003 3739 1166 3842 'paralysi
1181 3741 1282 3814 nervi

399 3847 551 3934 a'cusnci
568 3875 654 3935 ente
674 3861 756 3958 ejus
773 3864 979 3964 ingressum
1005 3863 1046 3936 in
1068 3883 1212 3937 aurem.
