2886 4862
258 434 301 504 0.
335 433 438 504 vm.
473 436 844 509 SCOLECODES.
887 457 892 468 ’
939 433 1018 512 235·

84 569 221 664 species
234 570 397 668 pediculi
411 573 608 672 peculiaris
621 576 725 650 hunc
739 575 912 650 morbum
927 603 1013 678 pro·

84 687 215 779 ducat,
237 691 377 786 ignoro.

134 907 167 957 a.
195 887 430 962 Phthirioaia
450 895 595 988 capitis.

133 1059 298 1136 Infantes
317 1068 500 1167 praecipue
523 1067 719 1143 arboribus
738 1085 775 1143 et
792 1069 909 1144 adulti
926 1099 1011 1174 por·

85 1181 202 1276 rigine
221 1186 351 1282 capitis
366 1185 587 1279 laborantes,
606 1188 696 1260 huic
710 1188 841 1262 morbo
854 1191 1011 1289 subjecti

84 1313 182 1370 sunt.
212 1305 269 1373 An
296 1303 421 1377 eadem
441 1310 602 1406 species,
625 1334 673 1381 an
688 1309 827 1382 diversa
843 1313 889 1382 sit
906 1315 1011 1410 pedi-

84 1415 177 1506 culi,
203 1422 270 1516 qui
288 1421 327 1491 in
344 1423 501 1497 indusiis
516 1442 552 1498 et
573 1425 734 1502 vestibus
750 1427 920 1503 habitans
934 1457 1012 1505 cor·

83 1559 155 1632 pus
169 1536 358 1638 reliquum
376 1541 540 1637 infestat,
556 1549 689 1621 nescio.

136 1733 170 1806 s.
196 1738 427 1815 ratrammo
444 1747 654 1840 inguinalis.
697 1711 703 1728 “

129 1900 299 1998 Aspecie
325 1899 569 1998 particulari:
594 1906 799 1979 Pedioulus
821 1907 934 2004 pubis
958 1875 1026 1980 la..

88 2020 215 2089 oritur.
830 2055 834 2064 -

130 2199 184 2270 A.
209 2191 404 2287 Crob-lice.

135 2318 180 2388 G.
207 2317 408 2411 Morpions.

131 2439 199 2510 Ge.
226 2433 414 2508 Filzlause.

131 2603 187 2682 Hi
204 2607 369 2708 pediculi
393 2607 574 2710 neglecti,
600 2627 643 2684 ut
663 2611 740 2684 aliae
756 2615 912 2712 species,
936 2617 1009 2690 cito

88 2730 422 2802 numerosissimam
441 2729 582 2828 prolem
599 2747 798 2830 generant,
819 2759 901 2832 qoae
921 2759 1010 2836 pru·

84 2849 198 2920 ritum
216 2845 505 2938 intolerabilem,
527 2849 692 2948 pustulas
710 2865 747 2923 et
765 2843 903 2937 ulcera,
918 2877 1009 2950 praa·

81 2969 188 3065 cipue
215 2969 311 3038 circa
331 2983 451 3065 partes
466 2967 641 3066 genitales
655 2967 789 3068 pilosas
802 2985 838 3041 et
851 2972 1008 3068 inguina

80 3085 319 3186 producunt,
333 3103 370 3160 et
382 3087 467 3161 inde
475 3087 521 3159 ad
535 3089 722 3184 regionem
736 3089 1008 3179 subaxillarem,

81 3225 208 3305 pectus
218 3208 419 3298 hirsutum,
431 3207 692 3308 supercilia,ac
703 3204 920 3279 adlimbum
932 3205 1008 3306 pal·

79 3328 277 3424 pebrarum
292 3353 411 3428 usque
429 3331 647 3426 migrantes,
660 3325 725 3398 bas
741 3341 861 3425 partes
875 3351 1016 3424 corpo-‚

80 3450 129 3518 ris
141 3443 327 3520 infestant.
344 3451 424 3539 Non
438 3447 559 3520 solum
577 3471 645 3546 per
657 3447 816 3532 coitum,
838 3460 881 3517 ut
893 3443 1007 3544 vulgo

79 3563 262 3656 creditur,
277 3563 389 3640 sedet
405 3591 471 3666 per
485 3567 617 3658 lectos,
636 3547 779 3656 currus,
793 3563 915 3658 sellas,
930 3591 1005 3639 sese

78 3681 253 3758 facillime
277 3687 578 3778 communicant,
597 3699 803 3786 propagant
832 3698 869 3760 et
892 3681 1003 3758 disse«

78 3823 235 3879 minant.
