2810 4860
165 451 172 472 '
222 460 263 528 0.
291 453 409 526 v111.
434 447 820 528 DERMATODES.
919 473 985 531 aar

78 586 128 664 sed
150 617 288 693 semper
314 595 354 664 in
377 591 526 682 orbem,
550 591 638 692 plus
655 595 828 666 minusve
846 595 990 693 regula·

34 689 39 707 ¹
77 737 141 782 rem
157 714 414 814 progrediem3
433 716 474 785 in
491 715 662 788 Carolina
686 729 723 786 et
739 715 907 813 virginia
926 741 988 788 en·

76 830 222 906 demicus
243 836 298 926 (').

77 974 142 1044 sm.
165 978 222 1046 An
250 971 388 1072 papula
414 973 535 1048 Calai?

158 1090 520 1192 Herpesannularis.

153 1216 757 1314 Serpigoa.Herpesserpiginosus.

815 1119 928 1243 idum

115 1379 159 1450 A.
185 1377 410 1474 Ringworm.

118 1496 158 1564 G.
184 1493 316 1566 Dartre
332 1491 475 1592 simple.
518 1545 521 1559 .

117 1612 175 1684 Ge.
201 1614 431 1710 Ringwurm.

77 1769 112 1839 G.
134 1775 311 1846 GCXLIV.
412 1771 723 1844 EPINYCTIS.

114 1893 172 1962 Gr.
188 1881 361 1981 Επινυκτὶς,
383 1889 430 1962 ab
450 1893 640 1986 imsuper,
666 1902 702 1960 et
724 1890 778 1971 νὺξ
796 1910 880 1962 nox.
902 1889 992 1960 Pus·

76 2007 140 2082 mla
153 2013 313 2084 maxime
330 2033 398 2110 per
415 2021 564 2080 noctem
581 2008 769 2081 invadens.

122 2188 295 2276 Pustula
319 2187 576 2302 plerumque
601 2217 715 2294 una,
745 2185 868 2290 alba,
893 2185 994 2272 sub-

76 2317 193 2407 livida
213 2322 288 2410 vel
311 2321 537 2435 subnigra,
567 2321 754 2406 maxime
790 2335 921 2405 noctu
948 2317 994 2400 in

76 2473 159 2540 cure
174 2485 432 2569 erumpens,
465 2483 565 2540 cum
592 2453 740 2540 dolore
760 2452 995 2538 intensissi-

77 2617 159 2696 mo,
177 2591 311 2676 instar
330 2587 437 2700 ignia
459 2602 637 2689 urente,
666 2583 850 2670 humore
876 2581 997 2666 tenui

77 2737 110 2802 et
128 2723 209 2806 acri
231 2718 409 2828 referta3
431 2734 525 2834 post
538 2748 695 2832 paucos
707 2717 797 2804 dies
813 2718 859 2800 in
877 2713 997 2802 ulcus

76 2853 311 2942 ichomsum
330 2853 552 2938 sordidum
573 2851 744 2954 abiens,
773 2847 998 2934 materiam

79 2989 306 3093 viscosam,
329 2986 664 3102 agglutinantem
688 2983 886 3070 fundens.

108 3243 168 3325 (⁸)
188 3249 308 3324 Herpea
323 3244 499 3306 orbicularis
512 3263 647 3325 magnam
657 3241 885 3303 similitudinem
902 3259 1002 3320 [πεκ-

76 3339 127 3400 fert
152 3364 221 3403 cum
248 3343 328 3404 tinea
348 3343 468 3424 capitia,
493 3361 560 3422 qum
581 3341 671 3402 etiam
693 3358 774 3398 areas
789 3337 1004 3398 rotundaafor·

77 3453 138 3501 mat.
152 3445 267 3504 Ambo·
277 3442 330 3501 hoa
342 3443 461 3502 morbos
474 3443 511 3502 ab
520 3441 638 3501 inuectis
653 3449 705 3500 aut
715 3440 866 3499 vermibus
878 3439 1006 3519 peculia·

76 3541 160 3618 ribus,
169 3543 227 3600 sub
241 3539 422 3621 rpidermide
430 3542 604 3620 repentibus
617 3549 646 3599 et
658 3539 781 3599 eandem
793 3539 1004 3610 erodentibus,

77 3643 143 3701 oriri
164 3643 273 3717 credo,
288 3651 349 3702 tam
365 3663 403 3703 ex
417 3643 506 3703 modo
516 3643 549 3702 in
560 3642 663 3702 orbem
676 3639 881 3721 progrediendi
895 3685 902 3716 ,
915 3657 1006 3719 quam

79 3759 113 3798 rx
123 3739 261 3800 methodo
274 3741 423 3801 medendi.
436 3739 580 3800 Remedia
593 3738 747 3802 vermibus
759 3738 888 3799 maxime
898 3738 1007 3798 offimaa

79 3841 194 3924 utrique
208 3845 314 3904 morbo
329 3841 486 3904 efficaciter
499 3839 666 3902 medentur.
