2792 4852
376 411 449 502 ars
547 413 624 482 cn.
662 415 705 486 v.
742 413 910 484 nonar
943 407 1132 488 somer.

375 601 411 666 B.
437 597 697 663 Smrrarnrcus.

430 773 471 846 V
468 794 618 846 Anur
642 797 714 868 pro
733 795 851 842 causa
870 783 1038 844 remota:

375 986 408 1031 ι.
433 953 487 1026 Ab
507 952 714 1024 irritatione
732 953 772 1020 in
792 952 911 1023 vesica
929 952 1120 1034 urinaria:

431 1101 461 1144 1.
487 1075 539 1142 Ex
561 1068 878 1160 inflammatione,
903 1071 1099 1160 erosione,
1115 1069 1174 1143 vel
1191 1069 1296 1144 ulcere

447 1259 451 1266 .
525 1189 663 1260 vesicae.

428 1339 461 1383 2.
487 1313 541 1382 Ex
556 1307 710 1380 calculo.
1361 1380 1366 1429 Ι

386 1501 401 1514 ,
426 1431 461 1503 3.
487 1435 539 1502 Ex
562 1429 842 1500 medicamentis
860 1429 1096 1504 irritantibus
1116 1433 1296 1532 assumptis
1361 1442 1367 1489 ¹

476 1549 577 1625 etad
593 1549 750 1622 vesicam
767 1547 906 1624 delatis.

428 1678 462 1762 A.
489 1675 541 1744 Ex
558 1668 720 1768 podagra
735 1667 937 1742 aberrante.

378 1800 412 1888 β.
439 1795 492 1868 Ab
508 1793 714 1864 irritatione
730 1791 770 1861 in
789 1791 967 1886 intestino
985 1807 1110 1866 recto:

427 1940 459 1986 1.
487 1920 541 1987 Ex
553 1910 847 1984 inflammatione
864 1913 965 1983 recti.

429 2059 464 2104 2.
488 2036 540 2103 Ex
556 2027 702 2116 ulcer'e,
721 2029 902 2101 erosioue.

427 2149 461 2222 3.
486 2152 539 2221 Ex
555 2147 754 2222 vermibus.

424 2273 460 2356 d.
485 2273 538 2340 Ex
557 2266 836 2340 medicamentis
851 2265 1085 2342 irritantibus
1098 2268 1243 2340 interne
1254 2291 1301 2338 as·

474 2387 635 2484 sumptis
651 2382 687 2456 et
700 2384 747 2457 ad
758 2401 903 2458 rectum
919 2384 1061 2458 delatis.

427 2504 460 2578 5.
486 2509 539 2574 Ex
555 2503 834 2575 medicamentis
853 2505 1000 2576 acribus
1018 2505 1058 2577 in
1078 2521 1222 2579 rectum
1245 2506 1301 2578 in·

468 2623 575 2719 jectis
592 2621 650 2694 vel
669 2647 741 2694 ano
761 2621 964 2721 applicatis.

424 2739 460 2814 6.
486 2745 538 2812 Ex
555 2741 648 2813 vasis
663 2739 1039 2815 baemorrhoidalibus
1052 2739 1302 2842 turgentibus,

472 2878 538 2934 aut
558 2864 720 2934 irritatis.

373 3015 402 3080 y.
428 2975 455 3054 A
468 2984 719 3081 pneumatosi.

374 3108 402 3176 δ.
428 3101 482 3174 Ab
500 3101 794 3173 inflammatione
808 3100 990 3174 cerebelli.

372 3255 397 3296 ε.
423 3232 450 3296 A
464 3221 604 3294 deliriis
618 3219 760 3293 lascivis
774 3254 786 3312 ‚-
802 3236 867 3293 aut
884 3223 1132 3313 erotomania‚
1146 3223 1279 3294 mania.

372 3357 401 3429 ζ.
429 3349 456 3416 A
476 3341 777 3440 strangulatione.

372 3494 402 3544 η.
427 3461 483 3533 Ab
500 3459 770 3560 hydrophobia.

372 3595 407 3657 θ.
431 3586 488 3658 Ab
503 3585 700 3688 epilepsis,
713 3583 972 3660 convulsione..
