2756 4850
269 444 274 454 Ι
342 351 776 439 o.vr.ouoosos.
952 351 1023 442 435
1111 377 1113 384 >

89 490 326 590 quandoque
336 491 446 562 etiam
461 491 668 560 excretione
682 491 788 586 puris
798 487 856 560 vel
871 487 1025 582 ichoris,

90 613 287 712 praecipue
300 608 516 708 mungendo
534 632 656 698 nares,
672 609 814 706 stipata.
833 613 1028 714 Progressa
1124 601 1126 608 ⁴

93 729 229 804 morbi
253 745 379 802 tumor
396 729 533 800 ossium
561 727 666 798 sinus
690 725 888 798 maxillaris
913 743 1026 799 exter-

93 877 199 942 nus,
231 848 353 921 mollis
374 847 555 947 pressioni
580 844 856 942 quodammodo
879 846 1027 938 cedens,

93 985 164 1042 aut
193 968 423 1060 .iluctuans;
463 962 521 1037 vel
558 965 729 1036 internus
766 989 897 1037 cavum
928 969 1028 1040 naris

94 1089 138 1158 in
167 1085 299 1158 eodem
330 1083 442 1156 latere
465 1099 531 1156 aut
561 1082 692 1156 cavum
717 1085 791 1156 oris
812 1083 1028 1176 obstruens3

97 1203 299 1278 ueletiam
323 1205 476 1278 oculum
499 1203 595 1276 sonas
621 1204 864 1302 protrudeos,
893 1221 959 1278 aut
982 1205 1030 1276 fi-

95 1345 232 1424 guram
251 1323 358 1431 faciei¹
369 1322 464 1396 foede
479 1321 689 1396 deformans
705 1351 713 1394 :
732 1323 915 1416 Tandem,
932 1319 1048 1398 acce-¹

97 1445 217 1518 dente
239 1447 356 1533 carie,
374 1445 491 1518 orosio
506 1459 542 1515 et
557 1445 715 1518 excretio
732 1445 838 1543 puris
859 1445 917 1516 vel
932 1444 1030 1518 icho-

99 1565 152 1636 ris
163 1589 212 1635 ex
229 1561 348 1636 orbita
363 1561 463 1636 oculi
478 1561 668 1654 inferiore,
683 1587 795 1661 gena,
813 1562 952 1660 palato,
966 1577 1032 1633 aut
1089 1543 1092 1556 ¹

94 1708 139 1755 ex
151 1683 309 1756 'alveolis
322 1684 493 1756 dentium
512 1683 709 1756 molarium
724 1685 960 1782 superiorum
981 1681 1028 1756 la·

97 1804 186 1878 reris
205 1801 357 1893 allecti,
390 1828 477 1876 cum
505 1802 714 1901 odonlalgia
742 1804 922 1875 continua
950 1805 1033 1874 vio-

98 1921 224 2010 lenta,
253 1938 289 1995 et
316 1921 440 1996 fistula
471 1923 511 1992 in
535 1947 611 1996 una
633 1922 789 1996 alterave
813 1936 917 2024 parte
946 1946 1032 1997 mox

99 2041 232 2134 relata,
247 2042 389 2138 juncta.

153 2283 195 2358 V
193 2305 365 2358 Anus·
383 2308 453 2378 pro
468 2307 585 2356 causa
604 2298 767 2356 remoto:

106 2527 137 2572 a.
162 2505 194 2568 A
212 2496 378 2586 lusione,
399 2497 574 2588 vulnere,
590 2499 836 2588 contusione,
866 2497 980 2570 aliave
997 2499 1035 2570 vi

160 2618 510 2715 externegenae‚vel
520 2617 664 2692 ossibus
676 2635 742 2691 aut
758 2621 916 2718 gingivis
926 2618 1035 2691 illata.

111 2737 140 2824 β.
166 2735 224 2810 Ab
247 2737 544 2810 accumulatione
561 2755 627 2810 aut
647 2739 826 2829 dyscrasia
843 2742 967 2828 muci,
993 2767 1037 2812 ex

159 2858 304 2929 stenosi
322 2881 388 2930 seu
415 2856 668 2930 obstructione
691 2858 827 2930 ductus
845 2861 1038 2932 excretorii

162 2976 268 3048 sinus
285 2977 324 3046 in
344 3000 445 3048 naso.

113 3121 142 3186 γ.
167 3095 198 3163 Α
218 3095 315 3166 carie
330 3095 420 3166 ossis
434 3092 654 3183 maxillaris,
684 3093 741 3166 vel
756 3096 924 3168 radicum
950 3094 1038 3168 den·

163 3213 258 3284 tium
278 3212 478 3285 molarium
493 3215 740 3312 superiorum.

119 3333 146 3404 d.
169 3337 197 3404 A
212 3331 402 3406 vermibus
420 3334 458 3408 in
473 3335 559 3404 sinu
575 3332 754 3406 maxillari
769 3333 1038 3408 nidulantibns.

120 3480 143 3522 ι.
170 3457 200 3524 Α
214 3453 433 3553 corporibus
447 3455 651 3554 peregrinis
667 3455 706 3526 in
720 3479 850 3528 cavum
863 3451 1063 3556 sinus'pe·'
1140 3548 1144 3557 ι

166 3573 419 3664 nelrantibus3
441 3589 484 3646 ut
504 3572 665 3672 globulis
688 3590 752 3648 aut
769 3577 893 3676 granis
904 3575 1042 3676 sclope·

171 3696 293 3784 latiis,
320 3695 437 3769 linteo
452 3711 579 3800 carpto
605 3710 674 3770 etc.
