2808 4862
403 389 453 475 64
503 383 570 456 cn
583 384 642 452 1v.
652 378 892 452 cacumin
906 380 965 448 m
982 379 1237 452 eicocmn

404 527 530 603 monia
545 544 721 621 peccans,
761 542 849 590 cum
875 516 1167 610 obstructionis‚
1194 515 1315 590 effusis

405 625 539 720 nisaut
552 639 770 714 excretionis
783 637 875 708 vitio
890 638 1004 710 vario.
1022 637 1120 712 Vide
1134 663 1240 737 supra
1254 637 1315 708 Η

405 769 827 864 p0270,A1’⁰1>1=⁵Nffl³·
889 809 895 814 .

454 925 505 999 H
503 949 548 996 uc
558 921 772 1019 proeprimis
782 921 994 1014 pertinent:

410 1107 440 1160 1.
464 1084 599 1152 Pmcun
627 1079 667 1148 in
693 1072 910 1146 membrana
939 1070 1116 1145 cellulosa
1146 1087 1323 1170 stagnans,

459 1196 583 1270 subito
606 1219 651 1266 ex
670 1218 713 1264 ea
727 1191 946 1289 absorptum
967 1206 1006 1261 et
1021 1190 1062 1262 in
1082 1215 1239 1263 massam
1262 1213 1324 1260 san·

454 1318 580 1416 guinis
590 1313 765 1386 delatum.

408 1468 441 1511 π.
466 1443 557 1508 Bmis
575 1435 615 1504 in
637 1455 752 1503 massa
774 1432 969 1529 sanguinis
989 1429 1127 1502 diffusa
1146 1431 1189 1501 in
1213 1433 1329 1514 icteru,

454 1552 667 1650 cholepyra,
691 1549 908 1647 ochropym.

405 1674 603 1760 3..Sunon,
631 1665 697 1742 sen
723 1672 892 1742 materies
915 1667 1172 1771 perspirabilis
1199 1672 1329 1740 incute

453 1807 612 1881 retenta,
629 1792 668 1862 in
684 1813 840 1862 massam
853 1791 1049 1888 sanguinis
1064 1791 1304 1888 regurgitans.

406 1917 440 2001 4.
456 1917 592 1982 Unmn:
609 1911 768 1980 Secretio
783 1909 901 1980 urinae
916 1911 956 1981 in
968 1907 1134 2010 ischuria
1145 1907 1265 1982 renali
1276 1911 1332 1976 im·

454 2029 596 2128 pedita,
605 2027 662 2099 vel
676 2024 841 2122 ejusdem
855 2043 1000 2100 secretae
1010 2043 1244 2100 extravasatae
1257 2081 1267 2114 ,
1280 2041 1333 2096 aut

453 2171 498 2219 ex
517 2145 639 2216 ulcere
666 2147 811 2233 vesum,
843 2148 1003 2221 urethrae
1024 2163 1092 2219 etc.
1118 2147 1160 2220 in
1190 2169 1333 2221 massam

455 2261 861 2364 sauguinisabsorptm.

405 2386 440 2462 5.
465 2391 541 2458 Lac
560 2387 600 2456 in
619 2387 790 2456 mammis
812 2371 995 2459 secretum
1014 2387 1056 2458 in
1078 2410 1241 2460 massam
1266 2411 1337 2458 san·

461 2505 586 2603 guinis
601 2502 830 2602 absorptum.

405 2625 440 2698 6.
466 2629 552 2712 Pus,
569 2623 695 2713 innon
709 2625 828 2696 sanies
839 2625 940 2695 varia
954 2677 964 2712 ,
976 2649 1021 2696 ex
1036 2637 1271 2724 apostemate
1282 2639 1336 2696 aut

454 2744 578 2816 ulcere
594 2769 823 2842 quocunque
837 2743 1036 2844 absorpta,
1066 2762 1103 2818 et
1127 2749 1167 2818 in
1189 2763 1337 2822 massam

463 2865 668 2937 humorum
686 2863 816 2936 delata.

413 3013 446 3088 7.
472 2987 653 3084 Mmmns
662 2983 832 3056 morbosa
846 3011 1095 3085 quancunque,
1109 2985 1275 3078 febrilis,
1288 3014 1344 3088 pu

406 3133 411 3145 ’
440 3103 1061 3204 .dag1ica‚syphilitica‚heipetica
1073 3123 1140 3179 etc.
1157 3109 1278 3181 cruda
1294 3105 1345 3176 nel

464 3239 584 3314 cocta,
610 3225 834 3295 metastatice
863 3225 904 3295 in
930 3224 1055 3296 locum
1077 3249 1345 3326 quemcunque

459 3344 647 3442 deposita,
661 3343 701 3414 in
718 3367 873 3415 massam
891 3348 1084 3443 sanguinis
1096 3347 1323 3448 reabsorpta.

411 3471 444 3542 8.
455 3465 543 3552 Anu,
553 3489 618 3536 seu
630 3461 893 3562 gazelasticum
909 3467 1167 3568 quodcunque
1180 3469 1348 3544 inaliena

457 3597 616 3688 cavaaut
628 3584 666 3654 in
679 3581 894 3655 membrana
904 3582 1077 3658 cellulosa
1087 3585 1258 3662 effusum
1273 3645 1283 3678 ‚
1303 3605 1351 3660 tu·

458 3723 578 3774 mores
593 3707 727 3795 amcos,
740 3701 905 3777 elasticos
918 3719 1055 3797 causat,
1068 3691 1352 3806 plus'minusve
1390 3739 1391 3763 κ

1278 3825 1349 3898 late
