2782 4860
376 423 446 496 268
473 425 540 494 CL.
559 425 619 493 tv.
634 419 870 496 CACHEXIAE
887 423 945 491 ET
960 423 1228 494 CAGOCHYM.

373 559 609 632 salivaribus:
621 555 942 655 sublingualibus,
958 557 1311 646 submaxillaribus,

373 677 553 767 tonsillis,
569 675 823 777 parotidibus,
840 675 897 748 vel
911 677 951 748 in
965 675 1155 775 glandulis
1178 691 1310 776 guttu-

373 801 425 872 ris
433 814 498 871 aut
507 797 777 870 bronchiorum
788 810 898 886 natae,
915 795 1126 896 loquelam,
1137 801 1309 872 mastica·

373 921 529 1009 tionem,
539 917 843 1018 deglutitionem,
857 931 894 990 et
906 919 1195 1017 respirationem
1211 918 1312 992 male

372 1036 556 1112 afficiunt.
588 1061 591 1076 ·
610 1095 612 1104 .

419 1156 586 1246 Calculi,
616 1157 801 1256 pracipue
823 1157 864 1228 in
884 1153 1072 1254 glandulis
1087 1155 1312 1258 sublingua·

370 1279 470 1352 libus
481 1295 519 1352 et
531 1281 764 1378 parotidihus
785 1295 1020 1354 occurrentes
1033 1303 1054 1352 a
1067 1279 1221 1354 skirrho
1241 1298 1311 1354 aut

370 1399 619 1472 carkinomate
627 1399 840 1473 earumdem
850 1398 1128 1498 glandularum,
1138 1403 1310 1499 practico

370 1532 478 1590 caute
493 1517 749 1616 distinguendi
766 1533 869 1592 sunt.

418 1635 560 1710 Calculi
585 1635 799 1736 parotidum
821 1652 860 1710 et
877 1635 1140 1736 glandularum
1158 1637 1310 1710 sublin-

369 1757 559 1859 guallum,
573 1785 641 1833 nec
652 1785 728 1834 non
741 1747 923 1858 glandula
936 1773 1105 1856 prostatae
1121 1758 1311 1832 hactenus

371 1882 590 1968 examinati,
611 1905 655 1952 ex
673 1877 881 1980 phosphate
897 1876 1005 1950 calcis
1017 1891 1054 1950 et
1066 1901 1188 1975 pauco
1203 1875 1311 1951 albu·

370 2001 473 2070 mine
490 1998 680 2096 coagulato
699 1999 922 2098 compositos
941 2021 1017 2068 esse
1037 1995 1231 2068 discimus.

416 2117 695 2206 concretiones,
710 2119 750 2187 in
764 2113 935 2186 vesiculis
945 2113 1192 2186 seminalibus
1207 2129 1251 2186 et
1266 2118 1307 2186 in

369 2233 557 2332 glandulis
574 2232 732 2306 urethrae
748 2246 1002 2323 occurrentes,
1026 2231 1202 2306 nondum
1224 2259 1311 2306 exa·

369 2353 465 2422 mini
483 2351 650 2425 chemico
666 2351 837 2450 subjectae
849 2349 1014 2424 luerunt.

405 2533 462 2602 tv.
478 2533 730 2608 concretiones
741 2538 862 2626 duroe,
875 2559 968 2632 saepe
981 2531 1146 2626 mobiles,
1157 2533 1206 2604 ad
1219 2533 1310 2606 mal-

368 2650 481 2724 leolos
496 2651 554 2724 vel
570 2652 618 2724 ad
631 2653 818 2742 articulos,
830 2677 997 2752 genuum
1009 2657 1234 2753 praeprimis,
1248 2681 1309 2728 oc·

366 2785 576 2858 currentes,
596 2770 660 2842 sed
679 2771 906 2868 quandoque
919 2772 1030 2842 etiam
1047 2771 1087 2842 in
1102 2771 1309 2868 superficie

365 2903 432 2960 aut
453 2889 492 2958 in
513 2888 719 2962 interstitiis
731 2887 988 2962 musculorum
1002 2889 1308 2972 uati,intensissi·

366 3033 446 3080 mos
456 3001 600 3082 dolores
611 3009 1016 3108 artuum‚praecipuein
1027 3009 1112 3080 nisu
1124 3011 1307 3082 movendi

363 3146 505 3228 partem
522 3127 712 3218 asseclam,
730 3144 942 3215 causantes,
961 3127 1120 3198 maxima
1134 3145 1243 3226 parte
1261 3157 1308 3203 ex

363 3249 555 3322 albumine
567 3251 762 3348 inspissato
775 3263 941 3321 constare
948 3247 1306 3336 videntunsedana·

363 3369 433 3466 lysi
445 3369 616 3442 chemicae
628 3369 799 3442 nondum
812 3367 1001 3440 submissa
1016 3365 1183 3441 fuerunt.
1194 3369 1303 3442 ldem

362 3487 408 3560 de
423 3487 734 3560 ossilicationibus
749 3489 913 3586 partium
932 3485 1127 3578 mollium,
1155 3491 1195 3560 in
1217 3489 1305 3562 aliis

361 3605 526 3700 corporis
539 3603 628 3676 locis
641 3601 943 3692 occurrentibus,
956 3603 1062 3675 valet.

408 3761 450 3832 V.
485 3762 795 3840 Odontolitlriasis
807 3819 822 3855 ,
854 3786 920 3835 seu
958 3764 1147 3838 concretio
1171 3743 1296 3838 calcu-
