2808 4862
272 414 316 480 o
347 411 374 480 1.
399 373 751 518 uiscerum.
932 411 979 486 65

105 543 176 622 late
207 545 382 634 diffusos,
413 545 639 644 quaudoque
667 571 733 644 per
769 550 983 632 ,universam

102 667 269 764 eorporis
282 663 514 764 superficiem
532 687 729 760 expansos,
760 665 847 736 iude
865 693 982 765 pneu-

103 786 269 873 matosis,
289 786 528 882 tympanum,
549 783 806 880 emphysema,
836 801 984 874 ructus,

104 902 230 992 ssatus,
258 903 517 1000 borborygmi,
543 904 725 1000 crepitus3
751 903 808 976 vel
824 929 888 1002 gaz
902 905 984 983 elas

103 1025 218 1094 ticum
238 1025 278 1094 in
305 1023 527 1095 humoribus
553 1021 690 1112 latens,
717 1025 856 1114 calore,
878 1044 982 1100 motu

101 1141 332 1230 inordinato,
346 1139 645 1238 fermentatione,
658 1143 855 1240 putredine
869 1147 984 1221 aliave

96 1281 208 1330 eausa
238 1257 470 1359 'quacunque
501 1257 727 1349 evolutum,
771 1281 982 1361 recuperata

100 1375 314 1449 elastioitate
326 1379 476 1449 seorsim
488 1403 571 1480 'sese
584 1403 823 1476 congregans,
848 1405 982 1479 expan-

96 1497 202 1566 sione
218 1521 286 1567 sua
303 1512 465 1570 tumores
478 1498 664 1587 elssticos,
680 1499 871 1590 llatuosos‚
885 1505 982 1600 prio·

97 1615 203 1686 ribus
225 1615 391 1703 similes,
420 1615 477 1688 rel
506 1616 817 1714 physepsophiam
845 1624 981 1693 variam

95 1735 286 1832 producit.
655 1724 658 1732 λ
717 1758 734 1781 ⁴·
912 1751 914 1761 ’

94 1897 348 1964 Arornsnssns
373 1893 476 1990 ipsae,
511 1915 575 1962 seu
590 1889 836 1964 aberrationes
852 1891 982 1968 fluido-

49 2033 129 2082 rum
153 2011 373 2109 praecipuae,
394 2034 416 2079 a
430 2008 648 2106 Pathologiae
666 2013 906 2109 scriptoribus
917 2041 981 2087 no·

51 2143 146 2216 tatae,
171 2143 290 2200 sunt:
391 2220 394 2228 μ

51 2295 84 2359 Α.
107 2292 272 2362 Error-ee
289 2265 550 2385 Impactomm.

93 2416 291 2500 llbemtio
309 2427 479 2500 humoris
497 2427 681 2499 crassioris
707 2443 773 2500 sut
799 2430 982 2526 spissioris

49 2548 85 2618 in
100 2572 179 2620 rasa
195 2546 348 2634 aliena,
376 2549 544 2632 minora,
571 2546 698 2643 ibique
712 2549 980 2644 stagnationom

49 2683 109 2737 ant
125 2666 428 2740 obstructiouem
445 2665 649 2751 inducens,
666 2665 765 2736 unde
779 2665 981 2758 inlarotus,

51 2803 232 2874 tumores,
251 2783 586 2873 inflammationes,
600 2799 666 2855 eto.

50 2931 80 2996 B.
101 2930 266 3000 Error-es
282 2925 518 3018 Effusorum.

90 3044 160 3115 Ubi
181 3044 330 3114 humor
359 3065 380 3111 e
408 3043 485 3111 suis
504 3043 597 3112 rasis
623 3037 763 3112 effusus
788 3066 808 3112 e
831 3065 984 3139 corpore

51 3189 118 3234 non
131 3175 366 3248 evacuatur,
383 3159 447 3230 sed
461 3161 624 3258 partium
641 3160 848 3232 interstitiis
864 3185 985 3256 recep·

51 3301 101 3358 tus
118 3288 318 3384 colligitur
333 3307 375 3356 ac
389 3298 556 3381 stagnat,
578 3285 669 3353 vitro
688 3281 848 3382 triplici:

93 3409 346 3480 Amatomosi
370 3403 456 3493 (Gr.
487 3391 742 3494 Ᾱναστόμωσις),
768 3425 832 3472 seu
860 3397 986 3472 dilala·

52 3523 142 3596 tione
173 3539 246 3594 aut
283 3519 509 3592 relaxatione
537 3517 735 3590 immodica
757 3515 984 3589 orificiorum

52 3663 227 3716 morum.

92 3765 311 3866 Diapedesi
334 3757 426 3860 (Gr.
444 3761 646 3848 Διαπήόὴσις)
662 3811 672 3846 ,
691 3781 755 3830 seu
773 3755 987 3828 dilatatione

837 3875 866 3942 Ε
