2808 4862
291 373 334 442 Ο.
358 371 386 442 Ι.
410 369 756 442 DYSCHYMIAE.
956 369 1005 444 33

68 589 353 662 uctxxxln
407 591 767 666 POLYCOPRIA.
847 629 850 638 ·

111 709 175 780 Gr.
187 715 394 809 Πολυκοπρία,
405 733 426 780 a
437 715 511 784 πολὺ
519 766 532 800 ,
545 709 729 800 multum,
747 725 784 782 et
795 720 922 811 κόπρος,
941 713 999 787 fae·

69 825 275 904 oesalvinae.

121 1003 160 1090 F
161 1035 300 1090 aecum
326 1007 448 1119 copia
475 1007 641 1109 nimia,
693 1009 907 1124 praecipue
944 1011 998 1098 ab

70 1134 257 1246 ingluvie
277 1153 350 1220 aut
377 1138 517 1222 victus
545 1138 873 1252 intemperantia
893 1159 1001 1230 orta.

116 1283 208 1356 Vide
231 1287 342 1358 etiam
370 1289 580 1362 Diarrhoea
601 1301 638 1359 et
655 1293 837 1386 Synteais.

127 1505 292 1582 sEcT.
331 1507 395 1582 11.
442 1507 945 1584 ObYGOOHIMIAE.

112 1727 176 1796 Gr.
197 1701 391 1820 Otrynxnpbr
401 1780 413 1814 ,
436 1724 483 1796 ab
500 1729 618 1819 ὀλίγος,
642 1747 802 1821 paucus,
825 1737 863 1794 et
880 1728 998 1820 χυμὸς,

66 1843 203 1916 humor
218 1871 227 1915 :
243 1844 421 1916 Humoris
432 1841 606 1915 detectus.

112 2017 988 2134 Humorcsqnicunquecorporishumani
1136 2063 1139 2075 ·

70 2153 310 2270 quantitatis
330 2151 497 2253 defectu
521 2168 753 2266 peccantes.
854 2207 856 2214 ·

71 2387 113 2456 G.
141 2387 266 2458 CXC.
365 2378 743 2452 OLIGOHAEMIA.

117 2525 176 2596 Gr.
192 2513 384 2616 ὸλιγοαῳία,
398 2516 445 2592 ab
455 2522 567 2614 οᾟγος,
581 2540 737 2618 paucus,
752 2531 789 2590 et
800 2520 891 2613 «tun,
909 2540 989 2590 san·

75 2667 159 2738 guis

122 2823 315 2910 Paucitas
332 2849 407 2904 seu
428 2816 571 2934 inopia
592 2817 819 2932 sanguinis.

116 3013 313 3113 Sanguinis
329 3013 369 3084 in
385 3012 480 3083 vasis
496 3013 730 3110 sanguineis,
745 3027 810 3084 aut
827 3007 990 3112 lymphae

77 3129 227 3206 invasis
256 3129 540 3204 absorbentibus
564 3133 690 3229 inopia
714 3157 779 3206 seu
807 3129 991 3222 desectus,

79 3249 277 3326 functiones
317 3249 461 3322 laedens.
500 3255 553 3322 Ex
588 3249 659 3322 boc
691 3251 837 3323 defectu
871 3253 992 3323 oritur

81 3371 294 3468 quandoque
308 3373 549 3466 Keneongeia
563 3379 636 3467 (gr.
652 3376 845 3466 Kosa-pseu,
859 3379 994 3463 εκένεον,

84 3513 220 3582 vacuus,
237 3505 274 3562 et
289 3475 424 3586 Ᾱῃεῖον,
437 3495 544 3578 vas),
563 3487 601 3560 id
617 3505 670 3560 est
682 3491 841 3562 vacuitas
853 3515 916 3564 seu
930 3489 994 3562 de·

81 3609 183 3706 plotio
210 3635 410 3700 rasorum3
444 3609 505 3682 sed
531 3607 601 3682 hoc
627 3611 761 3682 vitium
787 3611 848 3682 vix
873 3613 945 3682 nisi
971 3635 994 3682 a

79 3729 191 3803 subita
217 3750 254 3808 et
282 3733 429 3808 enormi
456 3733 692 3805 evacuatione
721 3731 913 3828 sanguinis
936 3727 994 3804 vel

176 3879 207 3926 a.
819 3853 846 3921 C
