2782 4860
379 413 461 512 2²78
487 414 552 483 cu.
569 410 627 481 ut.
642 400 1244 486 cicunxtffiurctcocuuu.

390 553 493 654 sium
505 573 582 646 per.
601 573 665 637 se,
700 563 766 620 aut
787 573 835 641 er
857 571 1087 644 quacunque
1110 571 1218 620 causa
1245 550 1319 620 aori

390 649 661 760 exesmdeficit,
677 693 820 766 ossaepe
829 667 875 774 oti
885 667 980 740 leves
990 683 1114 740 motus
1121 666 1318 770 frangitur.

383 769 432 858 '3⁰
453 791 602 883 Frugile
623 767 776 861 vitreum
795 789 834 858 in
855 787 1021 874 ossibus,
1038 785 1194 886 afragili
1208 813 1321 886 spon·

392 911 494 1007 gioso
510 932 595 978 mox
611 906 711 978 dicto
730 905 937 996 diversum,
953 908 1117 978 nascitur
1135 933 1179 980 ex
1200 907 1318 980 abun·

321 1073 324 1084 ·
372 1029 517 1102 udentia
531 1051 594 1127 squ
615 1021 858 1124 proportione
873 1027 998 1100 vitiata
1011 1025 1234 1126 pbospbutis
1251 1029 1318 1101 onl-

391 1150 470 1234 ois,
500 1149 638 1220 ossium
663 1145 904 1218 substantiam
936 1151 1152 1245 primariam
1182 1153 1320 1226 onusti·

392 1267 552 1352 tuentis,
566 1289 639 1362 qua
650 1262 710 1354 fit,
725 1281 766 1340 ut
778 1267 918 1368 impetu
929 1265 1080 1342 fortiore
1090 1285 1319 1369 rumpantur

273 1449 279 1460 .
392 1386 518 1486 potius
529 1407 629 1469 ossa3
648 1407 761 1481 quam
775 1384 961 1477 tantillum
976 1387 1140 1462 cedendo
1154 1390 1321 1464 oobaesio

391 1529 477 1578 uem
502 1517 688 1576 tueantur.
717 1501 996 1578 Observationes
1030 1505 1195 1598 docent,
1241 1535 1318 1582 ossa

393 1625 525 1716 hyeme
549 1621 732 1719 fragiliora
749 1642 845 1712 esse3
879 1649 927 1696 an
947 1650 1024 1698 non
1042 1629 1187 1726 potius,
1216 1629 1319 1728 quod

394 1741 565 1813 homiues
577 1739 662 1839 plus
674 1740 807 1831 hyeme
821 1768 934 1842 quam
944 1743 1018 1818 alio
1028 1748 1121 1822 anui
1136 1761 1320 1847 tempore,

392 1861 512 1958 lapsui
546 1861 701 1958 expositi
727 1861 828 1932 sint?

393 2123 437 2194 G.
454 2123 596 2196 cctx.
697 2125 996 2201 Exosrosts.

440 2263 503 2333 Gr.
529 2249 694 2342 Εξόστωσις
713 2262 760 2336 ab
780 2265 812 2345 εξ
823 2279 922 2357 extra
943 2282 979 2342 et
1011 2275 1121 2354 ὁςέοντ
1143 2275 1192 2348 Os
1219 2291 1317 2347 extra

392 2381 621 2480 prominens.

449 2577 676 2692 Periostei,
707 2594 781 2680 aut
808 2583 920 2677 ossis.
938 2586 1097 2701 ipsius,
1137 2595 1318 2681 extube-

393 2713 500 2802 ratio
519 2709 757 2815 abnormis,
779 2712 1038 2834 plerumque
1053 2755 1154 2814 cum
1170 2725 1319 2815 dolore

390 2841 490 2954 ptus
517 2841 716 2968 miuuspe
744 2843 947 2961 violento.

375 3002 743 3120 'Sallyper'ostosis
