2754 4858
271 481 315 552 Ο.
346 477 435 550 vll.
468 477 751 548 ECPHYSES.
906 474 979 554 581·

53 611 252 698 varicosis
274 627 463 698 nouum
484 611 803 724 degenerantis,
831 625 949 697 ortus
960 677 976 718 ,

49 745 260 832 excisione
279 747 489 862 complete
505 763 546 832 et
566 747 846 860 plerumque,
867 777 976 858 prae-

49 877 174 991 cipue
186 880 220 964 si
233 880 376 966 sedem
395 881 440 965 in
458 879 660 983 humero,
678 877 883 990 scapulis,
903 877 978 963 vel

49 1011 387 1098 extremitatibus
401 1011 592 1122 corporis
603 1008 731 1112 habet
740 1075 754 1114 ‚
771 1005 891 1094 facile
905 1007 976 1092 tol·

48 1137 238 1246 lendus3
274 1141 614 1258 frequentissime
639 1173 695 1230 ex
726 1142 975 1228 contusione
1118 1169 1121 1176 ·

47 1299 275 1386 praegressa
300 1292 437 1362 natus.

92 1467 147 1540 A.
172 1465 304 1558 Fleshy
324 1491 579 1556 excrescenee;
599 1463 778 1538 Sarcoma.

94 1587 142 1657 G.
170 1587 361 1678 Sarrome;
377 1593 535 1660 Sarcose.

94 1707 159 1778 Ge.
172 1705 492 1804 Fleischgewschs.

92 1883 155 1980 Sp.
185 1909 217 1956 1.
244 1889 413 1954 Sarroma
427 1884 557 1956 Faciei
569 1894 636 1953 aut
645 1881 862 1956 Labiorum.

90 2061 344 2136 Excreseeutis
360 2061 400 2142 in
417 2057 507 2134 facie
523 2074 589 2132 aut
600 2057 703 2162 him
719 2083 886 2150 carnosa,
900 2083 975 2133 ma·

41 2181 198 2272 Jorisvel
216 2183 374 2255 minoris
383 2179 598 2270 voluminis,
610 2182 718 2252 variae
731 2177 857 2254 formae
869 2195 904 2252 et
918 2205 977 2252 co·

44 2293 153 2390 loris,
180 2323 275 2399 sepe
297 2323 365 2398 per
379 2301 492 2372 vitam
512 2299 553 2371 in
571 2298 700 2372 eodem
720 2311 817 2370 statu
832 2321 975 2398 perma-

43 2435 136 2488 nens
150 2443 160 2506 ;
174 2418 406 2518 quandoque
422 2420 461 2490 in
479 2416 586 2491 ulcus
601 2416 687 2490 mali
705 2417 818 2489 moris
834 2415 973 2490 abiens.

16 2579 17 2622 3
42 2533 197 2614 Morbus
207 2565 294 2614 cum
309 2539 557 2614 mrkinomate
572 2541 729 2613 minime
743 2537 973 2614 oonfundeu·

16 2713 17 2758 7
44 2647 117 2724 dus
136 2681 144 2725 ε
161 2659 275 2732 Initio
291 2657 514 2758 plerumque
525 2657 631 2732 acido
647 2658 865 2746 muriatico,
878 2655 972 2728 exei-

45 2769 170 2863 sioue,
192 2792 258 2850 sut
276 2773 373 2850 ferro
389 2777 569 2852 madente
590 2775 695 2852 facile
716 2775 914 2850 tollendus.

93 2952 145 3023 N.
168 2957 217 3027 B.
234 2957 331 3029 uaevi
345 2953 455 3028 multi
468 2953 543 3027 huc
551 2957 752 3054 pertinent.
769 2955 862 3030 Vide
877 2953 972 3028 infra

43 3071 223 3168 Spiloma.
456 3071 461 3084 '

91 3255 157 3352 Sp.
183 3281 217 3328 2.
244 3261 412 3328 Sarcoma
429 3255 650 3334 cummutoe
666 3257 896 3356 lacrymulis.

41 3537 50 3556 Γ
90 3433 152 3529 Sp.
180 3431 216 3506 3.
241 3439 409 3506 Samomu
434 3437 622 3510 Umbr'lr'cr'.
662 3429 973 3532 (Saruomphalus

42 3547 174 3644 Auct.)
198 3552 291 3626 Vide
306 3577 421 3652 supra
437 3555 724 3646 Omphaloncus.
814 3585 817 3594 ·

92 3733 154 3826 up.
172 3735 207 3818 [r.
232 3737 399 3804 Sarcoma
415 3735 603 3810 Testiculi.
619 3729 827 3835 (Samocele
841 3729 971 3827 Auel.)

92 3847 184 3924 Vide
198 3872 309 3949 supra
328 3853 566 3930 orobionem.
