2686 4850
186 333 188 336 ’
311 353 354 425 ο.
386 355 431 424 x.
465 350 776 426 incurrunt.
939 353 1009 451 755

153 487 472 588 ligamentorum,
511 489 734 562 membrana
776 487 1010 588 capsularis,

152 609 414 708 glandularum
429 609 708 699 articulatim,
730 607 928 682 bursarum
952 637 1010 708 sy·

154 728 361 802 novialium
374 783 385 818 ,
399 726 684 827 cartilaginum,
708 729 845 800 ossium
861 755 874 816 ;
898 745 964 801 aut
988 753 1010 800 a

155 842 302 916 laesione
314 847 419 918 nervi
435 847 476 918 in
491 845 753 918 venoesectione
767 843 922 918 brachii.

71 993 102 1036 ν.
130 967 161 1034 A
177 963 282 1038 rhexi
297 979 364 1038 aut
383 964 552 1038 streblosi
577 963 798 1064 tendinum,
823 964 1009 1038 musculo·

155 1105 254 1154 rum.

69 1201 102 1284 ξ.
131 1199 688 1294 Afractura,comminutione,
701 1201 1009 1292 luxatione,sulr

152 1317 364 1410 laxatione,
392 1323 586 1411 erosione,
616 1322 738 1409 carie,
770 1319 887 1394 aliove
916 1321 1014 1394 vitio

153 1441 293 1512 ossium
308 1440 368 1514 rel
387 1441 648 1540 cartilaginum
667 1439 946 1515 articulationis.

76 1591 107 1631 ο.
138 1561 170 1628 A
186 1561 375 1651 cicatrice,
390 1577 456 1634 aut
470 1585 493 1634 a
506 1560 597 1634 callo
612 1577 696 1660 post
716 1559 894 1636 fracturas
914 1559 1010 1634 male

158 1677 334 1753 formatis.

75 1831 113 1874 r.
136 1798 192 1870 Ab
209 1799 456 1900 applicatione
480 1799 791 1898 adstringentium
814 1800 856 1872 in
880 1798 1012 1875 vulne-

156 1917 260 1990 ribus
276 1918 531 1994 articulorum.

79 2069 109 2136 ρ.
135 2042 167 2108 A
192 2037 412 2136 corporibus
445 2041 629 2114 extraneis
663 2037 913 2114 articulationi
948 2041 1014 2114 in·-

138 2155 230 2228 fixis.

80 2310 110 2354 σ.
135 2283 164 2349 Α
181 2277 314 2376 patella
325 2294 508 2377 ,exempta

80 2427 108 2472 τ.
136 2396 194 2469 Ab
208 2394 379 2468 ossiculis
390 2395 515 2468 aliisve
529 2396 834 2470 concretionibus
840 2411 1011 2470 extra-ar·

156 2515 396 2612 ticularibus,
413 2516 559 2615 tophis,
573 2539 638 2590 seu
652 2515 813 2590 calculis.

83 2667 111 2710 υ.
137 2637 194 2708 Ab
213 2638 390 2726 exortam,
419 2651 653 2727 steatomata,
676 2637 794 2712 aliove
817 2637 909 2714 vitio
937 2638 1017 2735 epi-

158 2755 347 2854 physium

86 2905 116 2976 p.
142 2881 172 2947 A
190 2875 405 2974 symphysi,
424 2897 488 2946 seu
507 2877 743 2950 concretione
761 2877 903 2950 ossium
925 2877 1011 2947 arti·

160 2995 356 3068 culationis
372 2995 469 3066 inter
484 3018 533 3066 se.

85 3148 115 3212 χ.
140 3121 168 3187 A
192 3114 340 3214 ganglio
352 3170 364 3204 ,
399 3115 599 3214 spongosi,
637 3129 702 3185 aut
729 3112 897 3212 hydrope
925 3113 1011 3182 arti-

137 3235 226 3307 culi.

86 3363 118 3450 ψ.
143 3353 198 3426 Ab
217 3354 487 3426 aneurrismate
507 3355 545 3424 in
557 3352 727 3452 poplite,
747 3350 804 3424 vel
819 3349 957 3426 cubito.

89 3503 121 3544 ω.
146 3476 174 3542 A
191 3470 373 3570 phlogosi‚
389 3471 446 3542 vel
462 3486 683 3570 apostemate
696 3473 736 3542 in
750 3495 839 3542 cavo
851 3466 1011 3540 articuli.

89 3623 140 3664 αα.
163 3595 192 3658 A
208 3593 366 3685 synoviae
383 3587 550 3688 delectu,
566 3606 631 3664 aut
659 3587 835 3690 qualitate
859 3588 989 3660 uitiosa
1001 3641 1021 3677 ,

159 3731 247 3780 acri.
