2688 4850
262 437 306 518 ῠ.
339 431 425 518 stt.
459 437 741 521 scrnssss.
896 437 970 525 stt

38 581 161 659 vestas
176 597 391 682 penetrans,
404 581 589 682 loquelam
603 637 613 672 ,
626 598 664 656 et
681 582 973 661 masticationem

44 702 331 801 impediens3vel
342 705 383 775 in
397 727 487 774 cavo
502 704 651 774 narium
666 697 850 802 polypum
868 729 973 778 men·

45 825 160 914 tiens3
177 822 369 894 autetiam
380 845 425 894 ex
441 835 589 896 tumore
604 821 710 894 sinus
725 836 834 894 aucto
849 877 859 912 ,
874 838 912 896 et
925 823 977 898 la-

45 943 152 1013 mina
169 938 344 1014 inferiore
359 939 487 1014 orbitae
503 963 652 1015 sursum
669 963 807 1040 pressa,
823 940 977 1018 oculum

47 1085 93 1134 cx
104 1059 224 1134 orbita
236 1058 332 1135 foras
346 1060 585 1160 protrudens.

94 1221 158 1318 Sp.
183 1217 219 1292 3.
244 1217 404 1317 Mykosis
424 1221 645 1296 carunculae
663 1224 892 1320 lacrymulis.

99 1341 194 1416 Vide
209 1343 431 1418 Euanthia.

103 1495 169 1594 Sp.
184 1497 217 1580 4.
234 1493 399 1592 Mykosis
413 1487 620 1590 Clitoridia,
634 1495 693 1572 vel
707 1499 982 1598 Nympharum.

103 1653 357 1728 Excrescentia
367 1653 523 1756 fungosa
535 1654 727 1744 clitoridis,
737 1653 797 1728 vel
811 1654 986 1754 nymphas

54 1770 293 1863 alterutrius,
321 1800 343 1848 s
370 1774 487 1849 rubro
510 1797 702 1874 purpurea
717 1796 759 1844 ac
774 1775 878 1845 venis
892 1775 986 1846 vari·

56 1892 152 1966 cosis
177 1907 327 1984 notata,
354 1892 580 1994 plerumque
605 1917 649 1965 ex
673 1889 783 1964 vulva
811 1891 988 1990 protube-

57 2037 166 2105 rans,
185 2029 222 2087 et
238 2011 418 2114 paulatim
435 2013 476 2086 in
494 2035 666 2110 magnam
695 2005 832 2084 molem
856 2009 988 2088 incres-

61 2155 148 2206 cens
164 2159 176 2223 ;
197 2158 276 2206 non
290 2157 374 2207 raro
387 2131 502 2206 simul
514 2131 730 2208 exulcerata.

111 2291 175 2389 Sp.
204 2287 238 2361 5.
264 2288 426 2382 Mykosis
450 2293 608 2368 Vesicoe.

110 2429 371 2504 Excresc'entiae
389 2427 553 2531 fungosae
574 2427 704 2502 molles
715 2427 775 2505 vel
794 2427 912 2524 durae,
931 2453 993 2530 pe-

64 2545 315 2622 dunculo'aut
327 2547 406 2622 basi
424 2547 581 2640 latiore,
600 2551 724 2622 vssicoe
736 2549 909 2622 urinariae
920 2549 996 2648 ple-

66 2689 229 2763 rumque
250 2691 367 2766 prope
381 2667 521 2742 collum
535 2669 616 2764 ejus
625 2665 871 2757 adhaerentem
884 2691 998 2766 quan-

70 2781 194 2878 doque
222 2769 475 2882 exploratione
503 2785 708 2860 cathetcris.
731 2783 999 2884 dignoscenda.

1 2967 5 3012 ι
70 2898 224 2972 Morbus
255 2902 344 2974 viris
372 2906 607 3002 potissimum
636 2903 846 2978 declinante
871 2919 999 2994 aetate,

3 3085 5 3102 ‚
73 3019 406 3116 rarojunioribus,
423 3036 461 3094 et
479 3021 643 3096 foeminis
668 3047 866 3124 nunquam
893 3020 1002 3096 inses-

3 3221 5 3232 γ
75 3139 341 3229 tus;continua
351 3141 558 3216 irritatione
569 3141 772 3242 dymnum,
782 3155 1004 3233 tenesmum,

74 3276 112 3334 et
125 3259 307 3364 paulatim
318 3263 428 3338 etiam
445 3265 745 3342 incrassationem
757 3261 882 3337 vesicas
895 3259 1004 3338 indu·

76 3405 175 3457 crus.

128 3547 193 3644 Sp.
219 3545 253 3620 6.
278 3545 438 3640 Mykosis
455 3549 650 3624 Periostci.

129 3707 215 3778 Post
229 3717 472 3799 acteonem,
498 3708 685 3808 prucipue
705 3702 1009 3788 extremitatum,

81 3821 306 3928 Plerumque
321 3851 366 3902 et
379 3831 598 3905 contusione
615 3825 730 3902 aliave
741 3825 780 3901 vi
797 3836 947 3900 externa
967 3815 1010 3888 il·
