2782 4860
347 407 511 496 nosch.
528 411 587 480 lv.
613 407 855 480 CACHEXIAE
872 414 930 482 ET
944 415 1210 492 CACOCHYM.

266 603 268 608 ,
344 544 485 637 analysi
504 543 739 618 celeberrimi
765 551 962 647 Foueroy,
991 552 1100 627 nobis
1135 559 1286 654 cognita
1384 541 1385 596 ³

344 683 410 739 est.
447 671 543 737 Sunt
580 681 706 738 autem
743 665 850 762 juxta
884 670 1049 748 eundem
1088 691 1282 752 auctorem

344 800 509 891 quatuor
532 811 663 858 eorum
689 789 852 884 species:

392 907 514 978 Prima
531 907 668 1003 species
685 919 739 977 est
753 904 887 978 coloris
901 906 1000 998 albi,
1017 912 1283 1008 crystallinis,

344 1026 500 1114 nitens,
531 1039 725 1096 structure
754 1022 955 1098 lamellatae.
993 1030 1042 1099 Hi
1075 1031 1208 1107 calculi
1239 1061 1284 1112 ex
1384 1061 1385 1072 ¹

341 1145 535 1242 adipooem
563 1159 744 1216 constant.

393 1263 569 1351 Secunda
588 1265 721 1361 speciei
744 1263 925 1362 polygoni
947 1281 1055 1354 sunt,
1079 1269 1215 1342 coloris
1230 1273 1282 1343 ci·
1384 1307 1385 1310 ¹

342 1379 592 1470 nereo-fusci,
622 1379 779 1454 lamellis
802 1387 1072 1476 concentricis,
1115 1411 1160 1460 ex
1204 1389 1282 1462 adi·
1384 1363 1385 1422 l

340 1523 473 1598 potera
500 1503 685 1600 praeoipue
709 1517 940 1592 constantes,
968 1506 1008 1575 io
1028 1519 1156 1576 centro
1183 1529 1279 1606 saepe
1384 1513 1385 1546 ³

341 1619 683 1710 crystallisationem
720 1647 786 1701 seu
819 1621 1064 1696 substantiam
1106 1623 1281 1720 luscam,
1384 1625 1385 1674 t

340 1766 424 1840 ques
443 1740 530 1814 bilis
550 1759 627 1833 est,
648 1743 853 1815 continent.

391 1866 511 1938 Tertia
540 1864 678 1962 species
705 1862 841 1933 horum
868 1860 1121 1955 mlculorum,
1145 1863 1282 1940 coloris
1384 1831 1385 1920 i

339 1987 435 2062 fusci
449 2043 459 2074 ,
487 2011 531 2061 ex
544 1983 619 2056 bile
633 1985 824 2080 inspissata
836 1998 989 2060 constat.

360 2133 364 2140 ·
390 2107 531 2192 Quarta
547 2125 591 2170 ex
603 2101 756 2169 materia
771 2099 1017 2188 carbonaco,
1038 2125 1116 2174 non
1133 2101 1282 2174 inflam-

342 2223 497 2312 mabili,
520 2235 688 2293 constare
711 2219 880 2310 videtum
913 2221 1006 2292 dum
1032 2224 1176 2320 priores
1204 2237 1280 2296 tres

340 2343 532 2422 evidenter
565 2337 849 2412 inflemmabiles
869 2356 970 2412 sunt.
996 2343 1168 2414 Humana
1190 2341 1278 2415 hilis

341 2469 446 2565 ipsa,
474 2479 648 2560 utsupra
670 2461 818 2549 notavi,
843 2473 986 2533 constat
1005 2484 1049 2531 ex
1069 2459 1278 2535 substantia
1384 2479 1385 2484 ’

338 2585 501 2657 resinosa
521 2579 701 2679 peculiari
723 2591 761 2648 et
779 2580 932 2650 materia
952 2577 1165 2650 saccharins
1184 2605 1273 2652 cum

336 2727 456 2804 pauca
466 2701 675 2799 quantitate
686 2695 799 2784 sodae,
814 2695 872 2767 vel
885 2721 989 2794 pnrae
1001 2696 1060 2769 vel
1073 2697 1181 2768 acido
1194 2723 1279 2770 mu-

336 2826 467 2898 riatico
487 2837 553 2894 aut
576 2817 828 2917 phosphorico
848 2817 1011 2912 junctae,
1034 2841 1076 2888 ac
1096 2817 1273 2914 portione
1384 2903 1385 2906 Ἴ

335 2943 540 3018 albuminis
553 2965 641 3010 curn
657 2937 893 3034 mirltaaqua.
910 2938 1007 3007 Hinc
1021 2951 1144 3035 patet,
1169 2961 1274 3038 aque
1384 2939 1385 2954 ³

334 3068 509 3167 portione
527 3057 668 3132 difflata
686 3055 799 3128 bilem
821 3069 858 3126 et
877 3055 1086 3155 spissiorem
1102 3071 1139 3128 et
1156 3059 1274 3132 acrio-
1384 3069 1385 3162 g

334 3209 414 3256 rem
438 3180 544 3270 fieri;
573 3177 671 3250 idem
698 3177 856 3248 omnino
879 3174 1043 3248 accidere
1068 3174 1204 3266 dehet,
1239 3179 1272 3248 si

332 3327 420 3402 pars
456 3303 618 3373 resinosa
651 3297 757 3394 copia
794 3295 853 3368 rel
886 3295 1091 3370 acrimonia
1130 3311 1268 3394 peceat.

332 3420 455 3498 Ambo
488 3420 564 3490 haec
596 3421 636 3490 in
659 3439 752 3506 zone
784 3414 922 3488 torrida
948 3412 1147 3490 efficaciter
1179 3443 1269 3490 con·

333 3555 494 3618 curmnt
516 3539 563 3610 ad
586 3537 804 3635 cholepyras
827 3535 962 3608 aliosve
985 3537 1135 3610 morbos
1160 3537 1266 3611 bilio-

331 3683 392 3732 sos
417 3673 455 3730 et
488 3657 760 3758 frequentiores
794 3671 832 3729 et
869 3655 1153 3756 periculosiores
1184 3657 1270 3738 reda

330 3776 481 3852 dendos.
881 3768 886 3782 ’
