2908 4862
305 459 347 530 o.
382 455 495 532 v111.
530 455 790 529 nerontis.
919 451 1008 562 ¹601

136 653 351 733 'VAnrAN
366 684 390 732 r
406 685 477 758 pro
502 663 643 732 ratione
664 661 785 760 partis
802 657 963 754 elapsus.-

85 867 120 911 α.
145 839 316 908 Intestini
336 835 570 928 (Enterokele
589 861 641 934 gr.
660 824 838 931 Εντεροκήλη
850 832 877 928 ).

86 958 121 1046 β.
145 958 296 1027 Omenti
311 955 547 1054 (Epiplokele
563 979 624 1054 gr.
648 943 835 1034 Επιπλοκήλη
848 951 875 1049 ).
1052 1033 1058 1046 ,

86 1103 118 1170 y.
146 1057 1015 1171 Intestinietomenti<Enteroepipl0kelegolis-

187 1195 460 1292 teporntnltnuiln).

87 1313 118 1386 δ.
145 1313 277 1386 ¹Vesicae
295 1314 467 1385 urinariae
493 1309 706 1410 (Kystolrele
724 1335 778 1409 gr.
795 1311 991 1400 Rimanti).
1032 1399 1034 1404 ,

89 1461 115 1502 ε.
141 1433 244 1502 Uteri
260 1431 516 1524 (Hysterokele
533 1457 587 1531 gr.
598 1419 777 1530 ·Ῠςεροκήλη
787 1429 814 1529 ).

89 1559 119 1634 ζ.
144 1550 268 1622 Ovarii
282 1552 396 1626 unius
408 1550 466 1624 vel
480 1551 688 1650 utriusque.

140 1725 204 1824 Sp.
232 1753 262 1798 1.
292 1727 427 1801 Herniu
445 1729 658 1826 Inguinalis
684 1727 973 1824 (Bubonokele).

141 1848 204 1920 Gr.
214 1851 577 1940 Βουὸωνωοίληαόουβὼν
596 1849 737 1948 inguen
750 1852 867 1930 etxlln
878 1845 1018 1920 hernia.

141 2029 194 2097 Ex
211 2025 387 2100 intestino
406 2017 724 2126 (frequentissime
736 2023 827 2114 lleo,
850 2023 1016 2124 quando·

92 2167 169 2243 que
185 2145 296 2216 etiam
314 2144 445 2240 jejuno
461 2159 527 2216 aut
545 2143 644 2232 eolo,
663 2143 781 2216 rarius
804 2141 942 2241 caeco),
961 2141 1021 2216 vel

92 2278 261 2350 omento,
287 2280 353 2335 aut
368 2279 528 2363 utroque
544 2262 676 2354 simul,
694 2288 739 2336 ex
752 2245 845 2336 eavo'
855 2262 1021 2336 abdomi-

94 2381 154 2452 nis
172 2406 239 2480 per
253 2379 437 2472 fissuram,
458 2384 556 2456 inter
569 2380 680 2456 fibras
695 2380 904 2454 tendinosas
922 2401 1022 2454 mus-

94 2497 171 2570 culi
186 2498 430 2574 abdominalis
444 2499 590 2600 obliqui
607 2501 748 2572 externi
761 2497 953 2574 formatam
958 2514 1023 2592 „et

94 2617 208 2718 vulgo
232 2622 384 2694 nomine
403 2619 536 2694 annuli
557 2619 801 2694 abdominalis
821 2637 946 2694 notum
967 2623 1023 2714 C),
1136 2666 1139 2674 ·

95 2749 223 2807 tumor
235 2739 274 2808 in
288 2740 454 2836 inguine,
471 2740 585 2810 unius
599 2736 656 2811 vel
671 2740 866 2836 utriusque
882 2735 1022 2825 lateris,

95 2856 335 2952 prominens,
354 2879 396 2926 ao
410 2851 632 2962 plerumque
644 2879 747 2928 sacco
759 2856 949 2954 peritonaei
966 2855 1024 2925 in·

98 2971 244 3064 clusus,
265 2974 348 3045 visu
372 2987 547 3072 tactuque
561 2971 832 3072 perceptibilis;
856 2975 942 3045 nisu
959 2987 1025 3044 aut

98 3253 182 3319 nat,
198 3243 245 3308 uti
259 3243 295 3306 in
312 3243 417 3312 hernia
433 3242 608 3326 wngenitn3
633 3249 686 3302 tut
700 3241 809 3316 etium,
832 3240 885 3300 ubi
905 3223 1025 3318 pumex

98 3342 262 3424 peritonuo
277 3344 434 3407 vulnerato
449 3344 499 3406 vel
510 3343 576 3404 fluo
596 3362 649 3422 per
659 3341 790 3417 hiatum,
806 3338 933 3402 infibn's
946 3357 1025 3398 mus·

99 3443 240 3504 eulomm
252 3443 481 3508 ebdomnulium
496 3443 609 3504 sactum
622 3487 631 3516 ,
652 3451 795 3522 penetrat.

140 3537 200 3615 (²⁴)
220 3541 426 3620 Quandoque,
449 3539 504 3602 etsi
523 3539 636 3614 nnus,
661 3539 819 3619 hesperus
837 3557 899 3598 non
917 3557 1025 3598 exeu-

99 3637 175 3702 nulo
193 3638 373 3702 ebdomineli
394 3639 473 3702 dicto
497 3641 682 3714 elabuntur,
715 3638 765 3700 sed
787 3659 876 3720 supra
897 3637 1026 3700 eundem

100 3736 182 3798 iuter
193 3735 280 3799 fibra·
300 3739 467 3802 tendinum
479 3740 606 3802 musculi
626 3737 819 3800 abdomimlis
837 3736 952 3819 obliqui
971 3755 1024 3798 ex·

99 3833 183 3908 terni
201 3845 362 3919 protrusus,
380 3839 515 3904 hemian
535 3840 719 3923 inguinalem
732 3839 872 3901 formant.
