<?xml version="1.0" encoding="UTF-8"?>
<!DOCTYPE html PUBLIC "-//W3C//DTD XHTML 1.0 Transitional//EN"
    "http://www.w3.org/TR/xhtml1/DTD/xhtml1-transitional.dtd">
<html xmlns="http://www.w3.org/1999/xhtml" xml:lang="en" lang="en">
 <head>
  <title>
</title>
<meta http-equiv="Content-Type" content="text/html;charset=utf-8" />
  <meta name='ocr-system' content='tesseract 3.04.00' />
  <meta name='ocr-capabilities' content='ocr_page ocr_carea ocr_par ocr_line ocrx_word'/>
</head>
<body>
  <div class='ocr_page' id='page_1' title='image "./novumnosologiae01swedgoog_0340.png"; bbox 0 0 2792 4852; ppageno 0'>
   <div class='ocr_carea' id='block_1_1' title="bbox 743 233 751 268">
    <p class='ocr_par' dir='ltr' id='par_1_1' title="bbox 743 233 751 268">
     <span class='ocr_line' id='line_1_1' title="bbox 743 233 751 268; baseline 0 0"><span class='ocrx_word' id='word_1_1' title='bbox 743 233 751 268; x_wconf 89' lang='grc' dir='ltr'><em>Ι</em></span> 
     </span>
    </p>
   </div>
   <div class='ocr_carea' id='block_1_2' title="bbox 251 449 1005 536">
    <p class='ocr_par' dir='ltr' id='par_1_2' title="bbox 251 449 1005 536">
     <span class='ocr_line' id='line_1_2' title="bbox 251 449 1005 536; baseline -0.009 0"><span class='ocrx_word' id='word_1_2' title='bbox 251 463 294 536; x_wconf 89' lang='grc'><strong>0.</strong></span> <span class='ocrx_word' id='word_1_3' title='bbox 321 465 396 535; x_wconf 87' lang='grc' dir='ltr'><strong>ΙΙΙ.</strong></span> <span class='ocrx_word' id='word_1_4' title='bbox 420 459 823 534; x_wconf 72' lang='grc' dir='ltr'><strong>ΒῩ86ΕΝΝΕ81Ε.</strong></span> <span class='ocrx_word' id='word_1_5' title='bbox 932 449 1005 533; x_wconf 74' lang='lat'><strong>353</strong></span> 
     </span>
    </p>
   </div>
   <div class='ocr_carea' id='block_1_3' title="bbox 79 596 1009 1888">
    <p class='ocr_par' dir='ltr' id='par_1_3' title="bbox 79 596 1009 1888">
     <span class='ocr_line' id='line_1_3' title="bbox 128 596 826 676; baseline -0.004 0"><span class='ocrx_word' id='word_1_6' title='bbox 128 623 162 676; x_wconf 71' lang='lat' dir='ltr'><strong>n.</strong></span> <span class='ocrx_word' id='word_1_7' title='bbox 189 607 245 676; x_wconf 83' lang='lat' dir='ltr'><strong>Ex</strong></span> <span class='ocrx_word' id='word_1_8' title='bbox 260 603 359 674; x_wconf 86' lang='lat' dir='ltr'><strong>vitiis</strong></span> <span class='ocrx_word' id='word_1_9' title='bbox 377 623 548 672; x_wconf 84' lang='lat' dir='ltr'><strong>vasorum</strong></span> <span class='ocrx_word' id='word_1_10' title='bbox 568 596 826 673; x_wconf 84' lang='lat' dir='ltr'><strong>deferentium.</strong></span> 
     </span>
     <span class='ocr_line' id='line_1_4' title="bbox 129 717 890 796; baseline -0.007 -4"><span class='ocrx_word' id='word_1_11' title='bbox 129 725 163 792; x_wconf 80' lang='lat'><strong>3.</strong></span> <span class='ocrx_word' id='word_1_12' title='bbox 192 725 244 791; x_wconf 85' lang='lat' dir='ltr'><strong>Ex</strong></span> <span class='ocrx_word' id='word_1_13' title='bbox 258 721 358 792; x_wconf 76' lang='lat' dir='ltr'><strong>vitiis</strong></span> <span class='ocrx_word' id='word_1_14' title='bbox 373 717 616 792; x_wconf 84' lang='lat' dir='ltr'><strong>vesicularum</strong></span> <span class='ocrx_word' id='word_1_15' title='bbox 633 717 890 796; x_wconf 70' lang='lat' dir='ltr'><strong>seminalium.</strong></span> 
     </span>
     <span class='ocr_line' id='line_1_5' title="bbox 127 840 647 936; baseline -0.008 -25"><span class='ocrx_word' id='word_1_16' title='bbox 127 843 164 926; x_wconf 72' lang='grc'><strong>4.</strong></span> <span class='ocrx_word' id='word_1_17' title='bbox 192 840 352 911; x_wconf 81' lang='lat' dir='ltr'><strong>Exvitiis</strong></span> <span class='ocrx_word' id='word_1_18' title='bbox 365 852 543 936; x_wconf 83' lang='lat' dir='ltr'><strong>prostatae.</strong></span> <span class='ocrx_word' id='word_1_19' title='bbox 632 887 647 907; x_wconf 81' lang='grc'><strong>.</strong></span> 
     </span>
     <span class='ocr_line' id='line_1_6' title="bbox 134 956 1003 1033; baseline -0.005 -1"><span class='ocrx_word' id='word_1_20' title='bbox 134 958 166 1032; x_wconf 85' lang='lat'><strong>5.</strong></span> <span class='ocrx_word' id='word_1_21' title='bbox 193 965 245 1030; x_wconf 83' lang='lat' dir='ltr'><strong>Ex</strong></span> <span class='ocrx_word' id='word_1_22' title='bbox 260 960 359 1030; x_wconf 84' lang='lat' dir='ltr'><strong>vitiis</strong></span> <span class='ocrx_word' id='word_1_23' title='bbox 369 957 553 1033; x_wconf 91' lang='lat' dir='ltr'><strong>ductuum</strong></span> <span class='ocrx_word' id='word_1_24' title='bbox 570 956 856 1027; x_wconf 85' lang='lat' dir='ltr'><strong>excretoriorum</strong></span> <span class='ocrx_word' id='word_1_25' title='bbox 868 957 1003 1028; x_wconf 75' lang='lat' dir='ltr'><strong>vesicu-</strong></span> 
     </span>
     <span class='ocr_line' id='line_1_7' title="bbox 226 1065 1009 1174; baseline -0.004 -26"><span class='ocrx_word' id='word_1_26' title='bbox 226 1077 347 1148; x_wconf 87' lang='lat' dir='ltr'><strong>larum</strong></span> <span class='ocrx_word' id='word_1_27' title='bbox 365 1075 627 1167; x_wconf 80' lang='lat' dir='ltr'>seminalium,</span> <span class='ocrx_word' id='word_1_28' title='bbox 649 1087 715 1147; x_wconf 86' lang='lat' dir='ltr'><strong>aut</strong></span> <span class='ocrx_word' id='word_1_29' title='bbox 729 1089 907 1174; x_wconf 81' lang='lat' dir='ltr'><strong>prostatae.</strong></span> <span class='ocrx_word' id='word_1_30' title='bbox 1006 1065 1009 1078; x_wconf 80' lang='lat'>&#39;</span> 
     </span>
     <span class='ocr_line' id='line_1_8' title="bbox 133 1195 543 1272; baseline 0.01 -4"><span class='ocrx_word' id='word_1_31' title='bbox 133 1203 168 1269; x_wconf 89' lang='lat'><strong>6.</strong></span> <span class='ocrx_word' id='word_1_32' title='bbox 193 1201 245 1268; x_wconf 86' lang='lat' dir='ltr'><strong>Ex</strong></span> <span class='ocrx_word' id='word_1_33' title='bbox 258 1199 357 1269; x_wconf 84' lang='lat' dir='ltr'><strong>vitiis</strong></span> <span class='ocrx_word' id='word_1_34' title='bbox 372 1195 543 1272; x_wconf 78' lang='lat' dir='ltr'><strong>urethrae·</strong></span> 
     </span>
     <span class='ocr_line' id='line_1_9' title="bbox 79 1316 394 1416; baseline -0.01 -25"><span class='ocrx_word' id='word_1_35' title='bbox 79 1351 109 1416; x_wconf 77' lang='lat' dir='ltr'><strong>y.</strong></span> <span class='ocrx_word' id='word_1_36' title='bbox 137 1323 162 1390; x_wconf 80' lang='lat' dir='ltr'><strong>t</strong></span> <span class='ocrx_word' id='word_1_37' title='bbox 180 1318 280 1390; x_wconf 80' lang='lat' dir='ltr'><strong>vitiis</strong></span> <span class='ocrx_word' id='word_1_38' title='bbox 293 1316 394 1388; x_wconf 81' lang='lat' dir='ltr'><strong>colis.</strong></span> 
     </span>
     <span class='ocr_line' id='line_1_10' title="bbox 80 1434 422 1509; baseline -0.015 0"><span class='ocrx_word' id='word_1_39' title='bbox 80 1440 113 1509; x_wconf 75' lang='grc' dir='ltr'><strong>δε</strong></span> <span class='ocrx_word' id='word_1_40' title='bbox 141 1436 286 1506; x_wconf 78' lang='lat' dir='ltr'><strong>Avitiis</strong></span> <span class='ocrx_word' id='word_1_41' title='bbox 300 1434 422 1506; x_wconf 80' lang='lat' dir='ltr'><strong>scroti.</strong></span> 
     </span>
     <span class='ocr_line' id='line_1_11' title="bbox 82 1531 510 1650; baseline -0.014 -22"><span class='ocrx_word' id='word_1_42' title='bbox 82 1587 109 1628; x_wconf 77' lang='grc' dir='ltr'><strong>ε.</strong></span> <span class='ocrx_word' id='word_1_43' title='bbox 136 1559 165 1624; x_wconf 84' lang='grc' dir='ltr'><strong>Α</strong></span> <span class='ocrx_word' id='word_1_44' title='bbox 186 1553 285 1624; x_wconf 83' lang='lat' dir='ltr'><strong>vitiis</strong></span> <span class='ocrx_word' id='word_1_45' title='bbox 300 1531 510 1650; x_wconf 71' lang='lat' dir='ltr'><strong>inguinurh.</strong></span> 
     </span>
     <span class='ocr_line' id='line_1_12' title="bbox 82 1669 552 1758; baseline -0.009 -15"><span class='ocrx_word' id='word_1_46' title='bbox 82 1685 111 1758; x_wconf 74' lang='grc' dir='ltr'><strong>ζ.</strong></span> <span class='ocrx_word' id='word_1_47' title='bbox 137 1677 165 1743; x_wconf 85' lang='grc' dir='ltr'>Α</span> <span class='ocrx_word' id='word_1_48' title='bbox 178 1669 323 1743; x_wconf 80' lang='lat' dir='ltr'><strong>defectu</strong></span> <span class='ocrx_word' id='word_1_49' title='bbox 345 1669 552 1742; x_wconf 83' lang='lat' dir='ltr'><strong>erectionis.</strong></span> 
     </span>
     <span class='ocr_line' id='line_1_13' title="bbox 82 1787 1008 1888; baseline -0.005 -26"><span class='ocrx_word' id='word_1_50' title='bbox 82 1825 113 1874; x_wconf 87' lang='grc' dir='ltr'><strong>η.</strong></span> <span class='ocrx_word' id='word_1_51' title='bbox 140 1793 171 1862; x_wconf 79' lang='lat' dir='ltr'>A</span> <span class='ocrx_word' id='word_1_52' title='bbox 186 1789 342 1888; x_wconf 85' lang='lat' dir='ltr'><strong>paralysi</strong></span> <span class='ocrx_word' id='word_1_53' title='bbox 358 1803 422 1861; x_wconf 89' lang='lat' dir='ltr'><strong>aut</strong></span> <span class='ocrx_word' id='word_1_54' title='bbox 435 1788 622 1861; x_wconf 82' lang='lat' dir='ltr'><strong>debilitate</strong></span> <span class='ocrx_word' id='word_1_55' title='bbox 638 1787 893 1874; x_wconf 83' lang='lat' dir='ltr'><strong>musculorum</strong></span> <span class='ocrx_word' id='word_1_56' title='bbox 913 1809 1008 1858; x_wconf 86' lang='lat' dir='ltr'><strong>acee-</strong></span> 
     </span>
    </p>
   </div>
   <div class='ocr_carea' id='block_1_4' title="bbox 87 1906 1008 2099">
    <p class='ocr_par' dir='ltr' id='par_1_4' title="bbox 87 1906 1008 2099">
     <span class='ocr_line' id='line_1_14' title="bbox 135 1906 1008 2006; baseline -0.002 -26"><span class='ocrx_word' id='word_1_57' title='bbox 135 1908 362 1996; x_wconf 85' lang='lat' dir='ltr'><strong>leratornm,</strong></span> <span class='ocrx_word' id='word_1_58' title='bbox 383 1925 666 1997; x_wconf 82' lang='lat' dir='ltr'><strong>cremasterum‚</strong></span> <span class='ocrx_word' id='word_1_59' title='bbox 688 1906 909 2006; x_wconf 83' lang='lat' dir='ltr'><strong>sphincteris</strong></span> <span class='ocrx_word' id='word_1_60' title='bbox 931 1906 1008 1978; x_wconf 81' lang='lat' dir='ltr'><strong>ani.</strong></span> 
     </span>
     <span class='ocr_line' id='line_1_15' title="bbox 87 2025 739 2099; baseline -0.003 -1"><span class='ocrx_word' id='word_1_61' title='bbox 87 2034 125 2098; x_wconf 75' lang='lat'><strong>9.</strong></span> <span class='ocrx_word' id='word_1_62' title='bbox 153 2032 181 2098; x_wconf 85' lang='grc' dir='ltr'>Α</span> <span class='ocrx_word' id='word_1_63' title='bbox 195 2028 311 2097; x_wconf 84' lang='lat' dir='ltr'><strong>nimia</strong></span> <span class='ocrx_word' id='word_1_64' title='bbox 325 2027 474 2098; x_wconf 76' lang='lat' dir='ltr'><strong>seminis</strong></span> <span class='ocrx_word' id='word_1_65' title='bbox 486 2025 739 2099; x_wconf 79' lang='lat' dir='ltr'><strong>abundantia?</strong></span> 
     </span>
    </p>
   </div>
   <div class='ocr_carea' id='block_1_5' title="bbox 136 2227 617 2324">
    <p class='ocr_par' dir='ltr' id='par_1_5' title="bbox 136 2227 617 2324">
     <span class='ocr_line' id='line_1_16' title="bbox 136 2227 617 2324; baseline 0.002 -26"><span class='ocrx_word' id='word_1_66' title='bbox 136 2231 197 2324; x_wconf 73' lang='lat' dir='ltr'><strong>Sp.</strong></span> <span class='ocrx_word' id='word_1_67' title='bbox 221 2231 256 2314; x_wconf 77' lang='grc'><strong>4.</strong></span> <span class='ocrx_word' id='word_1_68' title='bbox 284 2227 419 2316; x_wconf 76' lang='lat' dir='ltr'><strong>Astysia</strong></span> <span class='ocrx_word' id='word_1_69' title='bbox 442 2231 617 2303; x_wconf 78' lang='lat' dir='ltr'><strong>Nevrioo.</strong></span> 
     </span>
    </p>
   </div>
   <div class='ocr_carea' id='block_1_6' title="bbox 91 2425 692 2517">
    <p class='ocr_par' dir='ltr' id='par_1_6' title="bbox 91 2425 692 2517">
     <span class='ocr_line' id='line_1_17' title="bbox 91 2425 692 2517; baseline -0.015 -18"><span class='ocrx_word' id='word_1_70' title='bbox 91 2425 129 2500; x_wconf 84' lang='lat' dir='ltr'><em>V</em></span> <span class='ocrx_word' id='word_1_71' title='bbox 131 2447 194 2498; x_wconf 73' lang='lat' dir='ltr'><strong>AR</strong></span> <span class='ocrx_word' id='word_1_72' title='bbox 205 2445 251 2496; x_wconf 78' lang='lat' dir='ltr'>u</span> <span class='ocrx_word' id='word_1_73' title='bbox 262 2443 287 2494; x_wconf 79' lang='lat' dir='ltr'><strong>r</strong></span> <span class='ocrx_word' id='word_1_74' title='bbox 303 2447 371 2517; x_wconf 84' lang='lat' dir='ltr'><strong>pro</strong></span> <span class='ocrx_word' id='word_1_75' title='bbox 394 2447 508 2493; x_wconf 78' lang='lat' dir='ltr'><strong><em>cauea</em></strong></span> <span class='ocrx_word' id='word_1_76' title='bbox 526 2436 692 2496; x_wconf 77' lang='lat' dir='ltr'><strong>remota:</strong></span> 
     </span>
    </p>
   </div>
   <div class='ocr_carea' id='block_1_7' title="bbox 66 2615 1023 3998">
    <p class='ocr_par' dir='ltr' id='par_1_7' title="bbox 90 2615 767 2720">
     <span class='ocr_line' id='line_1_18' title="bbox 90 2615 767 2720; baseline 0.004 -32"><span class='ocrx_word' id='word_1_77' title='bbox 90 2647 122 2688; x_wconf 77' lang='lat' dir='ltr'><strong>a.</strong></span> <span class='ocrx_word' id='word_1_78' title='bbox 147 2616 202 2689; x_wconf 80' lang='lat' dir='ltr'><strong>Ab</strong></span> <span class='ocrx_word' id='word_1_79' title='bbox 222 2615 386 2690; x_wconf 82' lang='lat' dir='ltr'><strong>asthonia</strong></span> <span class='ocrx_word' id='word_1_80' title='bbox 402 2624 565 2719; x_wconf 87' lang='lat' dir='ltr'><strong>corporis</strong></span> <span class='ocrx_word' id='word_1_81' title='bbox 581 2619 741 2720; x_wconf 84' lang='lat' dir='ltr'><strong>generali</strong></span> <span class='ocrx_word' id='word_1_82' title='bbox 757 2645 767 2691; x_wconf 76' lang='lat' dir='ltr'><strong>e</strong></span> 
     </span>
    </p>

    <p class='ocr_par' dir='ltr' id='par_1_8' title="bbox 66 2738 1017 3408">
     <span class='ocr_line' id='line_1_19' title="bbox 66 2738 640 2840; baseline 0.01 -34"><span class='ocrx_word' id='word_1_83' title='bbox 66 2755 71 2766; x_wconf 89' lang='lat'><em>·</em></span> <span class='ocrx_word' id='word_1_84' title='bbox 149 2767 179 2811; x_wconf 88' lang='lat' dir='ltr'><strong>r.</strong></span> <span class='ocrx_word' id='word_1_85' title='bbox 203 2743 256 2810; x_wconf 87' lang='lat' dir='ltr'><strong>Ex</strong></span> <span class='ocrx_word' id='word_1_86' title='bbox 275 2738 413 2810; x_wconf 84' lang='lat' dir='ltr'><strong>morbis</strong></span> <span class='ocrx_word' id='word_1_87' title='bbox 429 2745 640 2840; x_wconf 84' lang='lat' dir='ltr'><strong>praegressis.</strong></span> 
     </span>
     <span class='ocr_line' id='line_1_20' title="bbox 146 2853 1017 2958; baseline 0.003 -34"><span class='ocrx_word' id='word_1_88' title='bbox 146 2883 179 2926; x_wconf 76' lang='lat'><strong>2.</strong></span> <span class='ocrx_word' id='word_1_89' title='bbox 206 2858 262 2926; x_wconf 83' lang='lat' dir='ltr'><strong>Ex</strong></span> <span class='ocrx_word' id='word_1_90' title='bbox 291 2861 590 2932; x_wconf 82' lang='lat' dir='ltr'><strong>evacuationibue</strong></span> <span class='ocrx_word' id='word_1_91' title='bbox 612 2860 803 2958; x_wconf 82' lang='lat' dir='ltr'>sanguinis</span> <span class='ocrx_word' id='word_1_92' title='bbox 828 2856 887 2931; x_wconf 85' lang='lat' dir='ltr'><strong>vel</strong></span> <span class='ocrx_word' id='word_1_93' title='bbox 913 2853 1017 2928; x_wconf 88' lang='lat' dir='ltr'><strong>muci</strong></span> 
     </span>
     <span class='ocr_line' id='line_1_21' title="bbox 151 2976 605 3076; baseline 0.013 -32"><span class='ocrx_word' id='word_1_94' title='bbox 151 3046 157 3057; x_wconf 75' lang='grc'>,</span> <span class='ocrx_word' id='word_1_95' title='bbox 248 2976 375 3047; x_wconf 83' lang='lat' dir='ltr'><strong>nimiis</strong></span> <span class='ocrx_word' id='word_1_96' title='bbox 392 2981 605 3076; x_wconf 64' lang='lat' dir='ltr'><strong>praegressis.</strong></span> 
     </span>
     <span class='ocr_line' id='line_1_22' title="bbox 145 3093 1014 3194; baseline -0.007 -26"><span class='ocrx_word' id='word_1_97' title='bbox 145 3093 179 3172; x_wconf 87' lang='lat'><strong>3.</strong></span> <span class='ocrx_word' id='word_1_98' title='bbox 204 3099 260 3165; x_wconf 84' lang='lat' dir='ltr'><strong>Ex</strong></span> <span class='ocrx_word' id='word_1_99' title='bbox 281 3094 445 3166; x_wconf 81' lang='lat' dir='ltr'>cachexia</span> <span class='ocrx_word' id='word_1_100' title='bbox 469 3112 535 3168; x_wconf 83' lang='lat' dir='ltr'><strong>aut</strong></span> <span class='ocrx_word' id='word_1_101' title='bbox 563 3095 795 3188; x_wconf 88' lang='lat' dir='ltr'><strong>oaoochymia</strong></span> <span class='ocrx_word' id='word_1_102' title='bbox 827 3107 1014 3194; x_wconf 69' lang='lat' dir='ltr'><strong>praesente.</strong></span> 
     </span>
     <span class='ocr_line' id='line_1_23' title="bbox 148 3213 895 3312; baseline -0.001 -28"><span class='ocrx_word' id='word_1_103' title='bbox 148 3221 182 3302; x_wconf 71' lang='grc'><strong>4.</strong></span> <span class='ocrx_word' id='word_1_104' title='bbox 208 3217 265 3285; x_wconf 82' lang='lat' dir='ltr'><strong>Ex</strong></span> <span class='ocrx_word' id='word_1_105' title='bbox 284 3213 426 3305; x_wconf 88' lang='lat' dir='ltr'><strong>inedia,</strong></span> <span class='ocrx_word' id='word_1_106' title='bbox 441 3213 589 3312; x_wconf 84' lang='lat' dir='ltr'><strong>labore,</strong></span> <span class='ocrx_word' id='word_1_107' title='bbox 609 3217 741 3290; x_wconf 85' lang='lat' dir='ltr'><strong>studiis</strong></span> <span class='ocrx_word' id='word_1_108' title='bbox 759 3213 895 3288; x_wconf 87' lang='lat' dir='ltr'><strong>nimiis.</strong></span> 
     </span>
     <span class='ocr_line' id='line_1_24' title="bbox 150 3333 393 3408; baseline -0.025 0"><span class='ocrx_word' id='word_1_109' title='bbox 150 3333 184 3408; x_wconf 82' lang='grc'><strong>5.</strong></span> <span class='ocrx_word' id='word_1_110' title='bbox 211 3337 263 3404; x_wconf 84' lang='lat' dir='ltr'><strong>Ex</strong></span> <span class='ocrx_word' id='word_1_111' title='bbox 281 3334 393 3404; x_wconf 81' lang='lat' dir='ltr'><strong>senio.</strong></span> 
     </span>
    </p>

    <p class='ocr_par' dir='ltr' id='par_1_9' title="bbox 100 3451 1022 3554">
     <span class='ocr_line' id='line_1_25' title="bbox 100 3451 1022 3554; baseline -0.004 -30"><span class='ocrx_word' id='word_1_112' title='bbox 100 3455 132 3544; x_wconf 88' lang='grc' dir='ltr'><strong>β.</strong></span> <span class='ocrx_word' id='word_1_113' title='bbox 158 3451 215 3524; x_wconf 76' lang='grc' dir='ltr'><strong>ΑΙ)</strong></span> <span class='ocrx_word' id='word_1_114' title='bbox 229 3451 468 3554; x_wconf 73' lang='lat' dir='ltr'><strong>asthenianut</strong></span> <span class='ocrx_word' id='word_1_115' title='bbox 488 3454 644 3553; x_wconf 79' lang='lat' dir='ltr'>paralysi</span> <span class='ocrx_word' id='word_1_116' title='bbox 667 3473 890 3553; x_wconf 83' lang='lat' dir='ltr'><strong>organorum</strong></span> <span class='ocrx_word' id='word_1_117' title='bbox 911 3472 1022 3548; x_wconf 84' lang='lat' dir='ltr'><strong>gene·</strong></span> 
     </span>
    </p>

    <p class='ocr_par' dir='ltr' id='par_1_10' title="bbox 248 3571 828 3671">
     <span class='ocr_line' id='line_1_26' title="bbox 248 3571 828 3671; baseline 0.003 -31"><span class='ocrx_word' id='word_1_118' title='bbox 248 3571 382 3641; x_wconf 87' lang='lat' dir='ltr'><strong>rationi</strong></span> <span class='ocrx_word' id='word_1_119' title='bbox 400 3571 678 3648; x_wconf 82' lang='lat' dir='ltr'><strong>inservientium</strong></span> <span class='ocrx_word' id='word_1_120' title='bbox 695 3573 828 3671; x_wconf 81' lang='lat' dir='ltr'><strong>topica.</strong></span> 
     </span>
    </p>

    <p class='ocr_par' dir='ltr' id='par_1_11' title="bbox 101 3687 1023 3784">
     <span class='ocr_line' id='line_1_27' title="bbox 101 3687 1023 3784; baseline -0.003 -25"><span class='ocrx_word' id='word_1_121' title='bbox 101 3719 133 3784; x_wconf 65' lang='grc' dir='ltr'><strong>γ.</strong></span> <span class='ocrx_word' id='word_1_122' title='bbox 158 3689 322 3762; x_wconf 75' lang='lat' dir='ltr'><strong>Animia</strong></span> <span class='ocrx_word' id='word_1_123' title='bbox 348 3693 560 3768; x_wconf 85' lang='lat' dir='ltr'><strong>eorumdem</strong></span> <span class='ocrx_word' id='word_1_124' title='bbox 595 3693 839 3768; x_wconf 82' lang='lat' dir='ltr'><strong>irritabilitate</strong></span> <span class='ocrx_word' id='word_1_125' title='bbox 862 3687 919 3759; x_wconf 86' lang='lat' dir='ltr'><strong>vel</strong></span> <span class='ocrx_word' id='word_1_126' title='bbox 942 3709 1023 3758; x_wconf 84' lang='lat' dir='ltr'><strong>sen·</strong></span> 
     </span>
    </p>

    <p class='ocr_par' dir='ltr' id='par_1_12' title="bbox 175 3807 880 3998">
     <span class='ocr_line' id='line_1_28' title="bbox 175 3807 430 3905; baseline 0.008 -25"><span class='ocrx_word' id='word_1_127' title='bbox 175 3896 177 3905; x_wconf 28' lang='lat'><em>,</em></span> <span class='ocrx_word' id='word_1_128' title='bbox 251 3807 430 3884; x_wconf 70' lang='lat' dir='ltr'><strong>nihilitate.</strong></span> 
     </span>
     <span class='ocr_line' id='line_1_29' title="bbox 221 3927 880 3998; baseline -0.006 0"><span class='ocrx_word' id='word_1_129' title='bbox 221 3953 256 3998; x_wconf 58' lang='grc' dir='ltr'><strong>η</strong></span> <span class='ocrx_word' id='word_1_130' title='bbox 848 3927 880 3994; x_wconf 82' lang='grc' dir='ltr'><strong>Υ</strong></span> 
     </span>
    </p>
   </div>
   <div class='ocr_carea' id='block_1_8' title="bbox 0 0 1438 4852">
    <p class='ocr_par' dir='ltr' id='par_1_13' title="bbox 0 0 1438 4852">
     <span class='ocr_line' id='line_1_30' title="bbox 0 0 1438 4852; baseline 0 0"><span class='ocrx_word' id='word_1_131' title='bbox 0 0 1438 4852; x_wconf 95' lang='lat' dir='ltr'><strong> </strong></span> 
     </span>
    </p>
   </div>
  </div>
 </body>
</html>
