2792 4852
302 411 345 479 Ο.
380 410 449 478 VI.
487 407 756 479 ottcosEs.
922 409 994 504 407

110 591 173 684 Sp.
199 613 231 656 n.
258 585 484 684 Phlegmone
502 590 721 663 Astlsem‘ca.

117 765 343 865 Phlegmone
355 769 501 841 actione
512 794 685 842 vasorum
702 768 993 853 secernentium,

51 886 121 956 vel
139 911 314 960 vasorum
333 887 612 962 absorbentium
629 889 774 988 torpida
792 902 857 960 aut
880 885 994 960 debili

49 1007 217 1104 stipam
234 1005 336 1078 unde
348 1009 595 1080 accumulatio
610 1023 646 1079 et
664 1009 851 1105 congestio
862 1005 995 1078 humo·

55 1149 152 1194 rum
170 1129 209 1197 in
226 1141 330 1226 parte
346 1125 497 1212 assecta,
525 1125 717 1200 difficilius
734 1129 772 1198 in
788 1141 995 1224 apostema,

50 1265 157 1340 saepe
179 1245 219 1314 in
246 1243 442 1336 sclerosin,
462 1261 527 1320 aut
559 1248 671 1319 etiam
699 1247 737 1318 in
763 1268 994 1343 gangsaenam

53 1361 207 1434 abiens.

114 1542 308 1616 VAum
327 1571 400 1640 pro
420 1571 538 1618 causo
560 1559 726 1618 remota.-

52 1755 89 1794 ι.
118 1718 179 1794 Ab
201 1719 496 1794 inflammatione
514 1720 675 1792 violenta
694 1747 899 1820 pmgressa.

55 1843 93 1931 β.
125 1843 160 1910 Δ
182 1841 366 1912 metastasi
386 1840 509 1912 febrili
522 1895 533 1922 ,
548 1838 663 1912 lactea
681 1856 751 1912 etc.

56 1995 89 2056 γ.
122 1965 151 2032 Α
169 1963 437 2050 concussione,
452 1959 512 2031 vel
526 1962 747 2032 contusione
764 1960 937 2032 violenta.

55 2085 84 2152 δ.
117 2085 150 2151 Α
177 2085 461 2176 constrictione,
480 2080 795 2178 strangulatione,
819 2081 999 2181 ligatum,

111 2205 391 2300 compressione
406 2227 596 2276 vasorum:
616 2217 659 2272 ut
677 2203 717 2272 in
735 2201 865 2274 hernia
883 2205 1001 2276 incar·

110 2338 236 2396 cerata
250 2379 260 2410 ,
277 2324 455 2422 prolapsu
469 2325 630 2421 vaginae,
646 2324 709 2392 ani
723 2338 790 2394 etc.

55 2475 83 2514 ε.
113 2445 146 2512 Α
167 2440 384 2539 frigoreaut
399 2441 518 2512 mlore
528 2441 704 2513 violento.

54 2575 86 2648 ζ.
117 2560 181 2632 Ab
198 2563 488 2632 extravasaiione
502 2561 695 2657 sanguinis
708 2561 766 2633 vel
784 2559 945 2660 15meae
960 2563 998 2631 in

111 2679 189 2750 tela
209 2677 396 2750 cellulosa.

58 2833 88 2882 η.
120 2805 147 2870 Δ
171 2799 414 2897 spissitudine
426 2854 436 2886 ‚
450 2798 567 2869 aliove
579 2773 671 2870 vitio
684 2801 852 2870 chemico
868 2797 1000 2868 humo

108 2941 202 2989 rum
221 2919 268 2988 ad
290 2935 432 3016 purtem
453 2919 704 2990 advectorum.

111 3103 162 3172 H
166 3126 212 3171 uc
229 3107 342 3171 etium
358 3103 560 3194 referendos
576 3115 660 3169 sum
677 3132 686 3164 :

163 3281 394 3350 Dsnussms.

162 3401 346 3470 Oncmsis.

162 3521 347 3590 Ovsnms.

164 3639 388 3708 Hisnnrns

84 3789 94 3810 '
110 3792 208 3863 vide
219 3797 262 3860 V.
279 3795 307 3860 Ι.
328 3817 366 3887 p,
384 3791 434 3860 68
451 3805 574 3887 etseq.
