2688 4850
388 383 458 470 588
540 386 615 461 CL.
649 387 695 456 V·
732 381 909 456 MORBI
940 383 1156 460 TOPICI.

384 523 539 631 plures)
559 527 600 598 in
628 547 716 597 mvo
737 525 888 596 narium
903 573 914 613 ‚
931 523 1173 626 plerumque
1189 525 1319 600 mollis.

384 649 578 736 indolens,
591 642 826 746 pyriformis‚
854 643 1076 743 pedunculo
1090 673 1173 722 suo
1186 703 1200 740 ,
1215 649 1319 720 aliisve

382 771 497 844 remis
512 767 623 840 variis
638 764 863 838 membranae
880 790 1041 838 mucosae
1054 783 1130 842 sut
1149 771 1318 868 petione·

384 889 730 966 ossiumvariorum
749 887 850 978 nasi,
866 885 924 959 vel
941 883 1085 960 mustis
1105 889 1318 972 11333ὶίορ

384 1033 509 1084 nuum
526 1005 774 1080 maxillarium
786 1005 976 1078 autetiam
991 1002 1235 1080 seontslium
1247 1021 1319 1078 ante

385 1130 586 1205 adhaerens.
609 1131 803 1224 Progressu
823 1149 902 1198 non
923 1145 1008 1196 raro
1036 1147 1187 1197 cavum
1220 1151 1318 1198 unu:

385 1251 443 1326 vel
463 1264 668 1344 utrumque
685 1247 835 1318 nerium
854 1242 1041 1342 implens,
1064 1259 1108 1316 et
1130 1270 1185 1316 ex
1211 1271 1319 1318 eonm

382 1367 528 1444 orificio
541 1367 637 1440 foede
649 1364 911 1465 propendens,
933 1361 992 1436 vel
1005 1365 1046 1435 in
1064 1361 1212 1439 fauces
1226 1391 1320 1464 usqe

384 1487 626 1576 descendens,
644 1501 682 1560 et
702 1499 795 1558 tunc
808 1509 903 1584 saepe
919 1499 1019 1556 reno
1034 1483 1179 1556 velum
1196 1487 1321 1586 pende

384 1611 466 1688 lum
505 1609 739 1708 conspicua;
774 1619 1020 1704 symptomata
1065 1625 1258 1703 eos-522,
1284 1605 1321 1674 td

385 1730 676 1804 obstructionem
696 1727 866 1819 narium,
885 1721 1160 1798 difficultatem
1183 1733 1321 1828 supin·

384 1853 521 1942 tionis,
553 1847 780 1943 anosmiam,
807 1845 1127 1924 sternutationem
1164 1845 1322 1947 [reques-

384 1984 478 2066 tem,
492 1992 536 2042 ae
549 1970 795 2044 exoretionem
811 1967 981 2039 h'umoris
997 1969 1155 2039 mucosi
1168 1967 1233 2040 vel
1246 1968 1320 2040 icto

384 2090 461 2170 sesi
472 2113 517 2162 ex
529 2112 619 2162 naso
636 2087 829 2160 inducens.
848 2085 1009 2158 Tandem
1036 2073 1147 2158 mole
1169 2111 1247 2160 sua
1264 2111 1319 2160 m

383 2209 619 2299 distendens,
646 2206 917 2282 desomnitatem
945 2208 1024 2278 nasi
1042 2205 1225 2298 foedam,
1243 2227 1279 2282 et
1292 2201 1336 2278 ιεζ

383 2331 656 2426 compressione
689 2329 834 2400 viarum
870 2325 1134 2424 lacrymaliu'm
1167 2327 1320 2402 fistulae

378 2445 612 2542 leotymslem
624 2500 635 2537 ,
647 2445 792 2519 dolores
805 2447 1105 2544 eapitisateoces‚
1119 2446 1316 2548 phlogosn

384 2578 422 2637 et
440 2587 533 2662 saepe
549 2564 660 2634 etiam
679 2567 813 2637 cariem
829 2563 997 2654 ossium,
1022 2559 1083 2634 vel
1105 2561 1231 2646 ulcus
1253 2564 1318 2636 mm

384 2684 600 2756 moriscum
614 2688 821 2756 excretione
836 2684 971 2756 ichoris
985 2682 1107 2754 foetidi
1121 2685 1320 2780 junctum,

383 2828 532 2876 necnon
547 2801 778 2903 fsequentem
802 2830 844 2878 ae
863 2804 1063 2878 violentam
1079 2809 1250 2882 narium
1269 2809 1319 2879 he

383 2923 632 3024 morrhagiam
656 2949 822 2998 causans.

434 3125 480 3202 V
473 3148 637 3202 Anus·
648 3127 781 3224 figura
797 3131 832 3200 et
853 3125 1120 3198 consistentia.-

389 3350 418 3396 1.
445 3327 634 3400 Mueosus.

373 3617 378 3624 .
429 3525 681 3600 Excrescentia
697 3527 738 3599 in
753 3549 843 3602 cavo
858 3524 1030 3614 nerium,
1044 3521 1320 3622 pedunculae.

353 3711 358 3722 .
381 3641 560 3736 corisson,
580 3643 764 3736 albicans3
779 3641 1003 3744 plerumque
1021 3643 1251 3716 excessione
1269 3665 1318 3713 mr

381 3759 487 3862 piosa
499 3765 601 3838 muci
617 3789 662 3840 ex
672 3789 765 3844 naso
777 3767 920 3864 stipate.

996 3927 1031 3976 α.
1060 3901 1107 3978 V
1100 3905 1317 3980 scientam
