2792 4852
340 345 412 422 360
505 349 582 420 CL.
613 349 656 416 V.
687 347 864 416 Monet
903 349 1095 421 TOPICI.

338 489 373 577 β.
399 481 453 557 Ab
470 481 706 557 ischomenia.

338 633 370 699 y.
395 607 425 676 A
440 601 718 676 medicamentis
732 600 902 693 aeribus,
918 604 1090 678 entaticis
1110 627 1278 704 assump-

394 726 453 796 tis.
575 743 582 759 ·

341 846 372 916 δ.
396 852 423 916 Α
449 843 617 942 pessariis
645 857 711 914 aut
737 842 942 943 unguentis
969 837 1204 916 irritantibus¹
1237 845 1278 916 in

259 998 260 1002 ¹
391 963 561 1060 vaginam
580 962 764 1032 immissis.

344 1113 371 1186 e.
395 1087 422 1154 A
438 1084 638 1154 secretione
652 1080 824 1152 abnormi
835 1075 1005 1151 humoris
1015 1083 1120 1152 acris.
1148 1088 1155 1098 '

343 1215 374 1288 ζ.
398 1201 455 1274 lb
477 1201 701 1273 asoaridibus
728 1200 854 1272 aliisve
881 1199 1072 1284 vermibus
1100 1203 1140 1274 in
1166 1199 1278 1272 vulva

394 1321 452 1394 vel
467 1337 573 1394 utero
590 1319 861 1393 nidulantibus.

394 1503 458 1598 Sp.
482 1495 517 1569 3.
544 1495 779 1594 Machlosyne
814 1499 1002 1572 Clitorioo.

403 1678 648 1752 Vnam.-

356 1867 386 1908 av
413 1837 442 1904 A
460 1831 627 1906 clitoride
640 1831 857 1930 praegrandi.

348 1957 382 2044 β.
407 1950 461 2022 Ab
475 1950 733 2048 aselgotripsia,
742 1953 817 2024 sive
828 1951 1029 2049 digitosive
1041 1950 1161 2026 olisbo
1177 1951 1277 2026 facta.

347 2103 379 2169 y.
407 2073 438 2142 A
456 2069 698 2143 sensibilitate
710 2069 890 2144 clitoridis
901 2069 1084 2146 morbosa.

349 2249 396 2321 Π.
423 2251 663 2317 Ssnrrarmcs.

347 2456 378 2501 a.
404 2423 460 2494 Ab
476 2446 601 2516 amore
618 2421 807 2512 frustrato,
819 2437 885 2494 aut
898 2438 1036 2494 secreto
1054 2423 1183 2497 celato.

346 2546 382 2634 β.
411 2545 441 2614 Α
462 2539 640 2614 cerebello
664 2540 880 2639 praegrandi.

349 2694 380 2758 y.
407 2664 438 2732 A
460 2661 624 2750 lectura,
644 2638 802 2760 picturis
819 2677 884 2732 aut
899 2659 1052 2757 objectis
1072 2661 1214 2736 lascivis
1232 2665 1280 2735 ri·

405 2782 463 2852 sni
482 2764 624 2852 oblatis.

351 2905 382 2974 cl.
408 2907 437 2973 A
453 2901 643 2996 sanguinis
658 2900 697 2970 in
709 2899 889 2972 cerebello
902 2904 1150 3000 congestione.

353 3053 378 3094 ε.
405 3020 460 3092 Ab
479 3019 742 3116 imaginatione
756 3017 898 3090 lasciva.

356 3153 386 3225 ζ.
413 3139 470 3212 Ab
487 3137 781 3212 inflammatione
806 3139 1000 3231 cerebelli,
1034 3155 1099 3213 aut
1122 3143 1279 3240 partium

407 3260 492 3332 colli
506 3258 685 3331 cerebello
702 3261 921 3335 vicinarum.

353 3421 416 3487 111.
443 3424 727 3504 Smrrmnarrcl.

264 3621 269 3628 ·
354 3603 385 3648 a.
411 3572 1100 3673 Avitioherpetico,autsyphilitioo
1113 3571 1283 3673 genitalia
1379 3621 1380 3624 =

408 3691 587 3762 irritante.
