2784 4856
300 468 342 537 Ο.
369 467 433 536 IV.
458 463 768 539 EXOEDESES.
948 465 1014 555 145

94 613 158 674 tur.
182 602 252 676 Alii
269 603 417 702 hepatis
427 604 484 676 vel
502 603 610 676 lienis
626 619 773 676 tumore
789 603 903 690 dure,
917 630 1014 702 pres·

91 725 184 796 sione
199 727 406 822 praeprimis
416 718 627 813 dolorifico,
639 727 824 797 autetiam
843 725 1012 826 hepatiti-

91 843 132 916 de
144 846 196 917 vel
210 844 409 944 splenitide
423 846 598 918 chronica
615 900 625 932 ‚
645 861 710 916 aut
725 847 1013 943 pneumonitide

93 967 257 1060 pituitosa
275 965 455 1038 laborant.
473 1001 527 1016 --
542 963 709 1064 Podagrae
727 964 883 1060 subjecti
902 965 1017 1038 simul

92 1083 223 1158 dolores
239 1111 367 1184 vagos,
380 1109 621 1184 praecursores
633 1109 817 1170 accessus,
829 1087 1015 1176 sentiunt,

91 1205 197 1302 etqui
219 1203 536 1276 haemorrhoidum
555 1201 659 1274 ssuxu
678 1202 842 1273 laborare
859 1227 1017 1276 consue·

91 1339 233 1413 rerunt,
258 1347 352 1421 saepe
376 1321 560 1394 varicibus
581 1323 643 1394 ani
668 1321 725 1394 vel
748 1319 939 1395 doloribus
957 1315 1014 1404 in·¹

92 1444 194 1513 lernis
232 1444 354 1530 recti,
383 1439 497 1538 vulgo
532 1441 874 1515 Haemorrhoidibus
913 1445 1014 1516 caecis

88 1559 211 1650 dictis,
236 1577 276 1636 et
297 1561 457 1634 soeminae
482 1561 710 1634 ischomenia
727 1579 793 1634 aut
821 1563 1014 1659 dysmenia

90 1698 270 1758 vexantur.
287 1681 377 1757 Aliis
395 1681 562 1769 maculae,
580 1681 811 1780 phlyctaenae,
829 1680 1014 1772 lichenes,
1051 1735 1057 1756 .

88 1801 270 1900 herpetes,
297 1801 514 1901 erysipelata
538 1816 605 1876 etc.
635 1803 780 1872 incute
805 1817 1014 1900 erumpunt

86 1946 322 1996 cumcnesmo
331 1922 505 2009 molesto,
521 1920 719 1992 humorem
731 1944 871 2008 acrem,
887 1919 1014 1992 odoris

88 2041 360 2130 nauseabundi,
389 2043 575 2140 praecipue
600 2038 647 2111 ad
674 2040 830 2137 inguina
855 2054 893 2112 et
913 2036 1015 2137 peri·

89 2185 217 2248 naeum,
230 2186 327 2260 saepe
344 2163 538 2260 copiosum
557 2157 766 2232 fundentes.
778 2193 826 2224 -κ
837 2164 936 2232 Dum
951 2160 1016 2234 alii

87 2277 328 2380 deplceribus
345 2305 499 2354 crurum
519 2279 736 2370 rebellibus,
761 2281 819 2352 vel
837 2281 948 2354 etiam
966 2282 1012 2354 de

87 2400 225 2498 aphthis
239 2405 317 2475 oris
330 2402 434 2474 valde
448 2399 696 2474 incommodis
712 2417 749 2472 et
761 2403 943 2473 contiuuo
958 2425 1013 2473 re·

89 2523 317 2596 nascentibus
338 2537 625 2620 queruntur.-
637 2522 800 2593 Tandem
817 2521 1012 2597 accedente

89 2644 685 2742 melaenorrhagia,'syntec0pyra‚
708 2642 894 2740 hydrope,
920 2643 1012 2715 skir-

90 2759 169 2854 rho,
182 2763 330 2864 phthisi
350 2764 408 2836 vel
431 2763 622 2863 atrophia,
640 2787 751 2833 mors.

132 2888 171 2954 lu
183 2875 425 2956 cadaveribus
438 2881 620 2966 dissectis,
636 2879 769 2978 hepar,
782 2879 908 2978 splen,
921 2901 1011 2980 pan·

86 3023 194 3092 creas,
211 3001 397 3102 glandulae
416 3001 633 3093 meseraicae‚
651 3015 688 3102 et
703 3024 780 3070 non
802 3024 884 3072 raro
900 3005 1012 3073 etiam

87 3123 220 3210 oraria,
249 3135 396 3208 uterus,
422 3143 504 3192 vasa
531 3117 870 3208 haemomhoidalia,
898 3145 1014 3190 mese·

88 3243 196 3329 nica,
223 3257 347 3314 totum
376 3251 533 3338 systema
562 3261 663 3310 venae
691 3251 827 3336 portae,
857 3261 898 3308 ac
930 3261 1011 3310 vasu
1119 3260 1123 3274 ’

86 3347 198 3431 brevia
210 3357 412 3432 ventriculi
428 3360 467 3429 in
483 3359 672 3455 ingentem
688 3355 822 3427 molem
837 3354 1013 3447 distenta,

89 3481 238 3568 tumida,
256 3477 351 3554 dura
367 3476 726 3578 deprehenduntur,
751 3475 909 3549 humore
926 3503 1014 3550 mu-

87 3617 182 3686 coso,
201 3601 366 3686 viscum,
389 3596 567 3696 lympha,
590 3579 771 3692 sanguine
792 3593 915 3683 lusco,
939 3594 1015 3668 bile

88 3727 154 3786 atra
166 3721 286 3816 picea,
302 3717 466 3791 insarcta.
483 3717 637 3790 Morbus
650 3717 834 3814 praecipue
844 3715 1017 3789 homines

89 3835 205 3908 mediae
226 3841 340 3912 oetatis
368 3836 439 3940 (30
462 3836 520 3911 vel
546 3836 593 3910 36
610 3835 828 3938 annorum)
852 3839 1017 3934 corporis

227 3985 249 4034 2
635 3962 637 3970 ⁴
829 3957 846 4022 l
