2782 4860
368 435 439 508 abo
464 432 605 506 cmv.
618 421 859 499 CACHEXiAE
871 422 1197 494 mortonem

420 611 623 688 Vitatur
640 633 709 704 pro
729 631 846 678 cauea
866 616 1031 677 remota:

367 821 399 868 ι.
424 787 712 874 Aoontuaione,
738 780 917 871 fractura,
945 776 1060 852 aliave
1083 778 1123 852 vi
1145 791 1324 852 externr

419 907 492 980 ossi
510 904 619 978 illata.

370 1031 403 1120 β.
429 1026 459 1095 Δ
484 1022 722 1109 laceratione,
741 1017 981 1108 contusione,
1006 1013 1177 1115 phlogoei
1205 1017 1304 1114 peri-

421 1145 511 1216 oatei
529 1163 731 1240 progressa.

372 1291 401 1357 y.
430 1265 455 1332 A
476 1255 657 1332 metastaoi
674 1258 783 1334 varia.

371 1383 398 1464 δ.
424 1377 480 1450 ΑΙ)
498 1375 749 1475 elephantiasi.

421 1495 513 1570 Vide
526 1498 637 1581 etiam
656 1493 753 1580 inira
771 1495 813 1566 0.
831 1498 998 1569 Tuuonra
1013 1495 1057 1567 G.
1074 1497 1277 1570 Stemma·
1309 1557 1321 1566 .
1380 1548 1381 1612 1

374 1717 610 1793 G.CCLXII.
708 1712 1164 1792 OSTEOPHTHORIA.

423 1858 486 1930 Gr.
499 1845 704 1953 Οςεοφθορία,
724 1849 770 1924 ab
782 1843 889 1938 irini,
905 1861 942 1920 et
955 1855 1057 1948 φθορὰ
1064 1905 1077 1939 ,
1097 1851 1306 1948 corruptio.

439 2053 691 2139 Substantiae
723 2051 901 2136 internae
937 2047 1198 2152 reticularis,
1237 2063 1311 2134 aut

379 2187 505 2274 etiam
527 2184 725 2269 medulla)
739 2185 921 2289 ossium,
939 2183 1154 2298 praecipue
1177 2213 1310 2295 apon-

380 2319 596 2431 gioeorum
623 2297 869 2428 ¹digitorum
909 2314 1071 2431 pedum
1106 2313 1179 2402 vel
1216 2345 1312 2402 ma·

354 2425 359 2448 .
380 2477 543 2551 noum,
564 2445 681 2548 tarsi,
700 2447 839 2560 carpi3
860 2461 931 2531 aut
948 2443 1230 2560 opipbysium
1246 2476 1312 2532 oa-

379 2582 491 2665 eium
535 2579 905 2692 cylindrioorum,
946 2581 1134 2668 maximo
1165 2579 1310 2682 tibiae,

383 2713 625 2825 corruptio,
645 2743 742 2797 oum
769 2711 915 2801 dolore
929 2713 1152 2826 gravativo
1169 2729 1212 2798 et
1229 2713 1312 2798 im·

380 2843 613 2932 mobilitate
635 2842 936 2930 articulationia
960 2845 1129 2956 juncta,
1163 2873 1310 2960 auper-

381 2977 477 3063 ficie
505 2978 614 3064 cutia
648 2991 902 3092 apparenter
927 3006 1040 3063 sana.
1075 2977 1310 3090 Progressa

383 3110 522 3198 morbi
545 3110 647 3194 ossis
667 3125 810 3192 tumor
833 3137 882 3193 ao
907 3106 1030 3192 dolor
1047 3109 1282 3194 continuus
1294 3171 1308 3212 ,

382 3239 596 3356 phlogosia
626 3255 667 3325 et
694 3237 949 3326 decoloratio
973 3241 1102 3354 partis
1127 3239 1311 3348 affeotae3

382 3371 573 3486 atrophia
601 3371 743 3456 localis
761 3385 804 3454 et
825 3370 994 3455 tandem
1026 3371 1282 3470 universalis
1295 3401 1310 3478 ;

381 3521 527 3588 tumor
536 3500 741 3614 gradatim
751 3517 925 3606 auctus,
942 3503 1194 3616 tandemque
1209 3536 1310 3618 rup·

381 3651 469 3736 tus,
489 3634 702 3750 perplura
719 3633 973 3722 foraminuia
991 3637 1121 3720 saniei
1139 3637 1307 3720 exitum

381 3766 584 3889 praebens.
611 3767 793 3854 Morbus
821 3768 1008 3854 maxime
1035 3767 1306 3880 junioribus,
