2756 4850
371 380 442 476 l9²
554 371 631 442 CL.
656 371 699 442 V.
724 365 892 438 Mouet
924 349 1118 432 Torret.

370 535 510 588 corncae
524 501 729 596 infiltrati03
741 503 799 577 vel
815 504 929 574 etiarn
944 500 1054 598 puris
1070 499 1112 569 in
1132 521 1324 570 cameram

370 632 471 708 oculi
496 630 718 702 anteriorem
749 623 808 696 rel
837 623 1081 722 posteriorem
1110 617 1260 690 effusio
1287 647 1326 690 ex

370 753 542 857 phlogosi
562 749 662 824 oculi
683 767 901 846 praegressa,
929 755 994 812 aut
1015 765 1059 810 ex
1085 737 1250 811 diadexi
1271 741 1325 810 rel

373 874 555 949 metastasi
585 870 713 970 puris,
743 891 787 938 ex
814 863 897 936 loco
919 860 1067 946 alieno,
1090 861 1270 930 maxime
1286 885 1325 930 ex

301 1010 304 1024 '
372 995 508 1074 variola
526 986 889 1082 autblennorrhagia
907 977 1131 1080 genitalium
1157 979 1324 1076 syphili-

372 1120 443 1190 tica
456 1130 523 1186 etc.
536 1110 582 1182 ad
595 1107 747 1181 oculum
762 1103 886 1190 allati,
900 1113 991 1172 orta.
1010 1093 1174 1168 Morbus
1191 1093 1323 1168 dolore

373 1234 473 1309 oculi
488 1247 526 1304 et
541 1229 672 1328 capitis
687 1223 871 1310 violento,
898 1215 1113 1312 amblyopia
1131 1268 1142 1304 ‚
1168 1229 1213 1286 et
1232 1241 1323 1314 saepe

373 1353 537 1455 typblosi
554 1343 817 1420 immedicabili
835 1345 1004 1441 stipatus.

373 1503 455 1568 Srrr.
468 1487 666 1589 Hypopion
698 1484 755 1580 (a
784 1507 838 1580 gr.
861 1473 1036 1580 inustor).

470 1605 664 1686 abscessus
680 1602 791 1676 oculi.
1117 1602 1249 1676 Aua,

473 1730 598 1822 Pyosis
614 1755 642 1798 s.
654 1721 837 1822 empyesis
853 1718 964 1791 oculi.

422 1907 476 1990 Ἀ.
500 1905 713 2007 Hypopion.

435 2033 480 2104 G.
504 2027 704 2126 Hypopion
720 2050 730 2113 ;
747 2019 811 2092 oeil
829 2013 1022 2120 purulentt

429 2150 708 2242 Ge.Eiterauge.

424 2335 487 2431 Sp.
508 2335 542 2401 3.
566 2326 891 2427 ophthalmoncus
905 2305 1172 2398 Hoematodcs.

425 2507 669 2583 Extravasatio
680 2504 871 2602 sanguinis
885 2502 925 2572 in
939 2500 1110 2596 cameris,
1141 2497 1211 2572 vel
1232 2502 1329 2574 inter

378 2629 611 2706 membranas
628 2625 738 2698 oculi.

427 2815 492 2913 Sp.
517 2813 549 2896 l.
577 2806 901 2907 Ophthalmoncus
916 2806 1190 2905 Hydropicus.

426 2997 566 3064 Tumor
582 2985 682 3058 oculi
698 2984 943 3084 praegrandis,
955 3008 998 3055 ex
1011 2985 1328 3058 accumulatione

377 3109 548 3184 humoris
567 3106 700 3204 aquei,
724 3103 782 3176 vel
809 3129 831 3176 a
857 3103 1119 3202 magnitudine
1148 3105 1328 3202 corporis

376 3231 484 3305 vitrei
500 3227 672 3300 abnormi
686 3225 871 3298 oriundus
882 3280 892 3316 ,
905 3248 998 3322 saepc
1013 3225 1054 3294 in
1066 3223 1212 3298 rhexin
1224 3221 1327 3298 oculi

379 3365 593 3421 terminans.

379 3495 458 3564 Sur.
471 3485 828 3584 Hydropbtbalmus.

475 3605 770 3704 Exophthalmia.
835 3678 839 3702 ·,
998 3603 1112 3681 Anct.

346 3767 351 3780 .
478 3721 619 3794 Oculus
637 3722 924 3823 elephantiacus.
