2810 4860
255 491 835 564 O.Vlll.·SCOLECODES.
932 485 1003 557 233

92 647 1009 708 mmm-mammam„-

93 818 186 923 οι.
204 819 289 922 1v.
306 819 1055 956 0.V111.suoouooor,8,2
1320 887 1323 896 ,

142 1071 174 1124 a.
207 1037 543 1127 CACHEXIAE
570 1037 962 1140 VERMINOSAE.

94 1250 130 1316 G.
151 1249 247 1320 CCL.
344 1248 695 1317 ENTOMIASIS.

133 1391 191 1459 Gr.
210 1374 401 1480 Εντομίασις,
417 1384 463 1456 ab
482 1370 617 1486 sinopa,
630 1387 830 1459 insectum:
852 1385 1002 1476 Morbus

91 1501 131 1574 ab
147 1505 292 1576 insectis
309 1503 522 1602 productus.

140 1683 373 1784 Cnesmus,
398 1681 540 1784 dolor,
570 1697 711 1766 tumor
729 1680 800 1765 ‘vel
816 1679 996 1794 phlogo-

91 1815 162 1918 sis,
196 1814 335 1900 aliave
376 1827 683 1927 symptomata,
723 1841 747 1894 a
779 1828 996 1914 morsura,

91 1945 315 2057 punctura,
344 1945 417 2030 vol
448 1943 727 2054 hospitatione
757 1944 902 2026 insecti
926 1973 1000 2026 ou-

91 2079 218 2185 jusvis
229 2081 275 2163 in
289 2073 512 2192 superficie
532 2076 740 2188 corporis,
763 2091 877 2178 cute,
892 2105 998 2159 cavo

91 2213 278 2316 narium,
313 2209 384 2296 vel
419 2225 561 2306 meatu
586 2209 755 2294 aurium
788 2224 866 2300 etc.
894 2239 996 2323 pro-

89 2340 221 2428 ducta.

89 2511 112 2582 l.
136 2515 370 2586 Pururmasrs.

131 2633 190 2705 Gr.
217 2641 439 2730 Qflatpr'aouffi
460 2638 555 2731 φθεὶρ,
572 2632 774 2730 pediculus.

134 2823 162 2867 1.
187 2797 422 2868 Phthin'aaia
447 2795 678 2866 universalis.

128 2951 303 3040 Pustulae,
315 2975 378 3024 seu
396 2951 586 3022 tubercula
605 2950 716 3022 rubra
737 2972 932 3020 numerosa
956 2949 996 3019 in

91 3071 186 3142 variis
208 3071 306 3142 cutis
331 3071 515 3168 partibus,
539 3099 580 3142 ex
600 3069 780 3168 pediculis
798 3068 933 3139 ibidem
947 3069 1001 3137 ni·

89 3183 315 3272 tutantibus,
338 3191 406 3288 qui
423 3189 573 3261 demum
597 3217 682 3262 curn
708 3213 900 3260 numerosa
916 3212 998 3284 pro-

88 3312 181 3399 genie
200 3312 342 3382 exitum
372 3327 554 3406 quaerunt.
574 3309 725 3380 Morbus
740 3309 904 3402 antiquis
921 3331 1002 3400 nou

89 3427 315 3526 insoequeus,
333 3429 442 3501 hodie
464 3433 502 3501 in
520 3435 666 3528 Europa
680 3453 783 3500 rarus
796 3429 852 3522 (').

121 3651 175 3732 (⁴⁸)
194 3655 337 3716 Morbum
359 3657 440 3717 launo
464 3659 583 3717 nonnisi
603 3658 693 3716 semel
707 3655 808 3713 videre
826 3655 899 3712 mihi
922 3676 996 3714 cou-

89 3747 146 3826 tigit
171 3755 322 3828 londini,
354 3759 387 3815 in
410 3757 590 3817 Nosocomio
612 3755 825 3816 westminster
847 3755 939 3826 dicto,
966 3757 1000 3814 in

89 3846 200 3912 scamina
223 3875 353 3935 paupera
370 3857 408 3916 30
426 3857 544 3916 circiter
560 3877 718 3918 annorum.
741 3853 851 3914 Virum
864 3854 994 3915 nobilem
