2808 4862
308 411 351 484 0.
389 409 415 482 1.
450 405 785 478 urscurnnu
969 409 1015 505 47

101 549 190 616 tione
215 569 317 644 aquae
337 561 374 618 et
391 548 615 646 mucilagine
646 547 798 620 animali
837 551 1020 646 composi·

101 681 188 753 tum,
205 667 243 736 in
256 667 546 766 variisoorporis
560 665 729 766 partibus
743 668 881 762 majore
898 671 1019 740 mino-

104 811 177 858 reve
205 787 408 860 visciditate
442 787 607 886 gaudens
639 811 709 884 pro
741 788 883 860 ratione
914 813 1020 886 aquas

106 919 296 1000 eontentae,
324 903 420 978 ultra
436 905 532 976 hanc
550 906 796 1003 quantitatem
820 919 919 978 extra
944 931 1021 979 cor-

105 1049 167 1122 pus
193 1025 428 1100 connubium
457 1051 570 1098 omne
597 1050 683 1096 oum
713 1025 851 1121 majore
876 1027 1022 1124 quanti-

107 1159 168 1218 tate
189 1171 293 1244 aquae
322 1171 513 1245 respuens.
545 1149 747 1244 Evaporata
781 1171 877 1244 aqua
902 1149 1024 1218 muci-

106 1261 176 1362 lago
199 1262 313 1336 solida
340 1279 527 1352 remanet,
553 1265 684 1362 quaesi
709 1289 813 1361 aquae
838 1266 1022 1362 immergi·

108 1381 340 1470 tur,eaudem
353 1383 597 1480 quantitatem
609 1381 778 1454 absorbet
793 1407 904 1480 quam
919 1385 1025 1483 prius

106 1499 245 1590 habuit,
271 1500 432 1572 sed-non
457 1499 656 1596 majorem,
686 1500 918 1599 eandemque
940 1499 1023 1574 flui-

106 1619 245 1694 ditatem
260 1645 304 1691 ac
320 1619 562 1691 visciditatem
583 1623 737 1694 assumit
758 1646 800 1694 ac
821 1636 938 1694 antea.
957 1623 1026 1693 vix

105 1741 262 1810 continet
290 1736 422 1828 salem,
460 1737 589 1811 saltem
627 1737 735 1810 nullo
773 1739 1026 1835 experimento

105 1858 307 1931 sensibilem
322 1887 332 1948 ;
349 1857 411 1930 sed
426 1860 457 1928 si
471 1859 711 1956 ejussecretio
725 1856 849 1929 subito
857 1870 1028 1955 augetur,

106 1982 247 2052 materia
267 1993 403 2050 secreta
427 2002 520 2077 saepe
545 1979 668 2050 tenuis
692 1975 736 2048 fit
751 1990 788 2049 et
812 1978 925 2062 acris,
942 1974 1029 2051 salia

106 2100 292 2198 sanguinis
312 2099 531 2185 continens,
552 2113 673 2197 partes
692 2097 830 2168 vicinas
847 2096 1030 2184 stimulat,

106 2233 165 2291 aut
177 2217 358 2291 eas'dema
378 2215 531 2289 stimulo
543 2215 727 2314 applicato
752 2241 830 2288 non
852 2215 1028 2288 defendit.
1075 2233 1077 2236 ’

108 2339 140 2410 Si
164 2339 237 2412 haec
253 2339 409 2411 secretio
432 2337 551 2432 major
566 2337 734 2436 longiore
753 2351 918 2438 tempore
941 2362 1032 2409 con-

110 2459 243 2548 tinuat,
258 2455 553 2528 materiaviscida
570 2453 631 2542 fit,
648 2456 753 2552 quasi
766 2451 949 2554 glutinosa
967 2507 978 2542 ,
996 2469 1032 2528 et

109 2569 1034 2662 coloremalhum,cinereum,flarum,autvirides·

111 2713 269 2788 centem,
298 2710 334 2770 et
361 2694 589 2793 quandoque
618 2694 729 2765 etiam
758 2691 908 2764 odorem
938 2715 1035 2762 assu·

112 2819 184 2888 mit„
211 2808 385 2888 Praeterea
412 2815 523 2886 etiarn
553 2815 591 2884 in
619 2811 782 2899 morbis,
826 2835 917 2908 saepe
948 2811 1033 2882 viru

111 2935 317 3032 contagioso
330 2932 454 3020 vario,
470 2929 701 3030 syphilitieo‚
720 2927 1034 3014 carlinomatoso,

112 3051 276 3126 ichoroso
297 3051 540 3153 inquinatum
565 3049 665 3128 unde
685 3075 729 3124 ex
750 3051 848 3123 vitiis
868 3049 1033 3146 ejusdem

113 3178 217 3250 variis
233 3169 588 3272 leucophlegmatia‚
616 3172 806 3259 anorexia,
821 3169 1037 3266 dyepepsia,

111 3293 292 3368 diarrhoea
307 3315 480 3380 mucosa,
495 3289 792 3388 blennorrlragiae
805 3303 841 3360 et
863 3285 1036 3359 blennor·
1126 3367 1131 3374 ,

112 3413 219 3486 rhoeae
233 3414 356 3503 varie,
372 3409 605 3512 phlegmasioe
618 3411 821 3510 pituitosae,
845 3407 1036 3498 insuetus,

115 3545 276 3606 tumores
297 3543 364 3603 etc.
409 3559 413 3568 ·
