2810 4860
329 417 388 487 ’0.
415 421 480 530 Vl.
507 421 792 496 HELCOSES.
970 429 1038 528 196

171 613 501 706 Observationes
533 622 649 710 circo
675 625 940 721 carcinoma.

122 849 145 894 t.
167 827 277 900 Causa
292 829 491 904 materialis
505 837 674 934 proxima
690 839 951 918 carkinomatis
970 874 1037 922 nos

199 945 323 1017 adhuc
341 947 439 1020 latet.

117 1107 142 1149 a.
166 1083 220 1154 An
239 1085 288 1155 sit
303 1087 407 1158 virus
420 1090 479 1162 sui
498 1095 645 1190 generis
660 1095 699 1165 in
715 1119 871 1194 corpore
888 1115 1036 1192 natum,

201 1230 251 1277 an
281 1211 567 1306 contagiosum,
600 1227 643 1285 ut
681 1199 835 1312 quidam
866 1237 1034 1296 auctores

204 1345 464 1421 asseruerunt,
478 1331 586 1406 nullo
605 1333 719 1439 mpdo
737 1341 926 1412 onustati.

116 1459 144 1538 3.
166 1473 204 1538 ln
235 1467 486 1542 carlinomate
519 1497 719 1572 nunquam
750 1501 823 1576 pus
851 1477 1033 1554 blandum

197 1585 397 1679 formatur,
417 1590 481 1662 sed
500 1589 607 1668 ichor
636 1617 680 1664 ex
703 1618 747 1664 eo
775 1595 918 1668 stillans
941 1603 1049 1679 acris,

197 1722 233 1777 et
257 1711 465 1782 corrosivus
490 1725 566 1800 est3
592 1712 633 1782 in
649 1711 814 1800 ,diversis
834 1717 961 1814 aegris‚
990 1745 1032 1792 ac

198 1826 321 1902 forsan
349 1825 460 1900 etiam
494 1832 534 1901 in
566 1829 719 1901 diversis
752 1832 874 1903 morbi
906 1836 1033 1910 stadiis

198 1949 383 2038 diversus,
394 1973 500 2021 nuuc
515 1949 696 2022 alcalinus
713 1953 974 2044 unimundus,
994 1974 1038 2030 ut

197 2069 272 2163 jam
301 2091 322 2138 a
351 2069 500 2141 Gsuro
517 2068 750 2156 observatum
782 2069 865 2144 fuit.
888 2111 946 2128 ·-
964 2076 1035 2150 th-

196 2203 347 2287 surptus
365 2187 405 2260 ‘m
424 2187 612 2286 glandulis
638 2188 876 2287 lymphaticis
898 2193 1033 2266 vicinis

197 2304 385 2378 skirrhum
410 2306 577 2398 inducit,
603 2310 671 2408 qui
690 2310 831 2408 pariter
853 2311 893 2382 in
916 2312 1031 2386 carli-

199 2442 349 2498 nomata
366 2425 454 2502 abit.
940 2405 959 2414 Η

677 2509 680 2514 ’
1011 2518 1017 2546 t

116 2562 145 2644 l·
165 2565 314 2642 Morbus
349 2570 586 2643 concretione
625 2584 662 2640 et
696 2565 1032 2668 desorganisatione

199 2711 391 2776 mmm,
421 2696 647 2778 nervorum,
680 2703 802 2765 textus
837 2668 1036 2780 cellulosi,
1079 2745 1081 2756 .

198 2824 235 2880 et
249 2807 463 2882 substantia
479 2807 663 2906 'glandulis
682 2811 833 2907 incipit,
852 2823 891 2884 et
909 2812 955 2883 in·
973 2809 1033 2884 dc.

199 2928 440 2999 structionem
457 2927 588 3024 organi
603 2923 726 2999 allecti
743 2927 890 2999 desinit.
977 2950 980 2958 ·
1016 2957 1019 2978 1

118 3057 143 3134 5.
167 3065 381 3144 Carlrinoma
398 3067 561 3140 excisum
581 3064 656 3138 fere
675 3060 820 3166 semper
836 3065 893 3139 vel
912 3068 952 3140 in
974 3068 1031 3136 eo'·

199 3185 284 3264 dem
301 3187 401 3275 loco,
425 3187 484 3258 uel
499 3189 539 3262 in
561 3187 709 3278 vicino,
726 3186 853 3258 denuo
875 3190 1030 3280 renasci-

203 3318 280 3396 tur;
301 3329 499 3406 nunquam
518 3304 747 3377 resolutione
762 3319 928 3378 curatur.
1014 3371 1018 3386 ,

117 3433 144 3506 6.
167 3443 397 3542 Quandoque
423 3441 636 3514 carkiuoma
651 3443 938 3542 gangraenescit,
968 3439 1033 3512 sed

202 3583 393 3662 gangttrna
410 3559 582 3650 decidua,
596 3557 808 3632 carliuoma
820 3561 1032 3646 continuat,

203 3683 326 3754 autin
344 3681 420 3752 alio
438 3680 521 3754 loco
539 3705 616 3754 sese
635 3679 854 3770 manifestat.

121 3823 148 3886 ῃ.
171 3801 212 3871 ln
242 3799 491 3876 cartinomate
519 3801 648 3876 adulto
680 3825 826 3902 semper
854 3799 1035 3877 sanificat·

824 3923 862 3990 M
890 3947 909 3988 2
