2784 4856
341 383 384 462 7²
429 353 1188 430 curucacuuxtmsrctcocuru.

339 525 416 602 quo
439 495 832 582 calumniatorum,
863 519 907 565 eo
935 493 1130 565 elasticitas
1153 493 1281 586 major

339 637 416 706 est,
446 618 506 688 sed
526 619 565 687 in
584 613 788 684 cohaesione
808 612 921 682 nimis
942 625 1048 682 aucta
1072 609 1284 682 extensibi-

339 737 423 808 litas
437 734 601 818 tollitur,
630 732 718 800 binc
734 730 927 802 clasticitas
941 753 1058 826 pauca
1075 729 1132 800 vel
1151 727 1284 814 nulla;

341 861 380 928 in
396 856 598 928 cohaestone
611 853 809 922 imminuta
827 864 991 920 econtra
1010 847 1286 920 extensibilitas

341 979 456 1078 partis
465 973 589 1044 solida·
601 987 774 1069 augetur,
786 969 848 1042 scd
860 967 1027 1058 facultas,
1041 983 1125 1068 post
1142 967 1283 1040 factam

342 1098 591 1168 extensionem
619 1093 660 1160 in
683 1090 884 1188 pristinum
909 1102 1045 1160 statum
1068 1087 1285 1176 redeundi,

340 1241 432 1313 saepe
449 1213 584 1284 deficit.

392 1339 519 1404 'sonus
546 1333 669 1428 itaque
687 1353 752 1398 seu
770 1327 926 1399 cohaesio
951 1341 988 1398 et
1010 1326 1207 1397 elasticitas
1238 1323 1285 1395 fi-

341 1452 493 1522 brarum
523 1463 558 1521 ct
581 1445 785 1518 solidorum
808 1445 930 1516 erbis
954 1447 1286 1543 compositorum,

342 1571 476 1668 partim
493 1591 512 1638 a
529 1566 770 1664 proportione
788 1563 1081 1650 elementorum,
1101 1563 1246 1660 partim
1262 1587 1286 1632 a

342 1687 596 1786 proximitate,
625 1707 698 1778 qua
720 1680 795 1751 haec
812 1680 992 1751 elementa
1010 1682 1287 1752 intersecom-

342 1821 447 1904 pacta
462 1827 569 1889 sunt,
589 1801 625 1871 id
639 1816 744 1886 cst‚a
763 1801 922 1871 crassitie
936 1813 1001 1870 aut
1019 1797 1284 1870 teneritudine

343 1951 385 1994 ex
400 1949 475 1994 ono
493 1937 611 2020 parta,
636 1935 672 1990 et
689 1945 709 1989 a
730 1918 910 1991 densitate
923 1935 988 1990 aut
1004 1919 1150 1992 laxitate
1165 1917 1284 1990 fibra·

342 2067 427 2114 rum
455 2039 627 2110 exaltem
653 2053 756 2136 parte
782 2039 976 2136 dependet.
1001 2040 1165 2111 Cohaesio
1194 2065 1283 2138 par·

344 2164 439 2232 tium
459 2160 623 2256 corporis
637 2181 681 2229 eo
700 2155 831 2228 fortior
848 2183 911 2228 seu
932 2157 1077 2229 firmior
1088 2161 1177 2244 crit,
1197 2183 1283 2256 quo

343 2277 445 2348 fibrae
462 2277 652 2347 crassiores
678 2289 714 2344 et
741 2275 945 2364 densiorem
974 2290 1011 2349 et
1031 2301 1075 2348 eo
1097 2273 1283 2364 debilior,

344 2421 420 2494 quo
445 2395 577 2468 fabrica
612 2393 791 2464 fibrarum
817 2397 933 2466 rarior
949 2419 1013 2466 seu
1044 2394 1183 2484 laxior,
1219 2397 1282 2468 vel

343 2539 421 2612 quo
432 2515 531 2584 libro
543 2513 1015 2610 tenuioresautgraciliorcs
1026 2530 1125 2586 sunt.
1139 2517 1282 2614 Magna

343 2633 559 2706 collusionis
577 2657 660 2730 pars
674 2635 782 2702 etiam
804 2631 939 2730 pendet
956 2659 976 2703 a
1002 2634 1148 2730 glutine
1160 2636 1283 2706 inter·

343 2753 482 2840 medic,
494 2779 570 2849 quo
582 2752 761 2828 elementa
771 2749 881 2822 fibras
894 2753 1157 2824 constituentia
1174 2755 1282 2826 inter

343 2897 380 2944 se
399 2871 602 2942 coadunata
616 2885 725 2941 sunt.-

392 2997 472 3064 llaec
491 2987 689 3076 fibrarum,
711 3004 747 3060 ct
765 2989 969 3062 solidorum
987 2991 1073 3064 inde
1089 2997 1280 3092 composi·

342 3127 464 3184 torum
480 3165 489 3197 ‚
517 3109 658 3181 theoria
674 3109 880 3180 doctrinam
896 3110 942 3181 de
970 3115 1281 3210 temperamentis

345 3233 508 3302 multum
529 3229 698 3300 illustrat.

391 3347 499 3417 Fibra
517 3371 630 3418 crassa
654 3373 814 3444 aqueae
832 3346 924 3419 fibra
942 3349 1107 3447 gracilis,
1124 3377 1279 3454 compa-

343 3493 424 3566 gem
443 3466 592 3536 ‹lensam
609 3467 664 3538 vel
683 3466 799 3538 laxam
813 3467 946 3540 habere
959 3485 1089 3567 potest.
1104 3475 1155 3544 Ex
1167 3471 1280 3546 fibris

340 3587 467 3658 emssis
488 3598 522 3653 et
552 3583 674 3654 densis
699 3611 760 3656 seu
790 3588 924 3659 strictis
952 3613 1107 3686 corpora
1138 3589 1280 3682 firrna,

341 3703 475 3804 rigida3
489 3727 533 3774 ex
549 3697 653 3772 fibris
668 3705 795 3776 crassis
808 3720 844 3778 et
861 3705 951 3778 laxis
963 3731 1118 3806 corpora
1133 3709 1279 3802 mollia,
