2754 4858
275 477 319 549 0.
350 475 442 548 vll.
476 465 757 544 ECPHYSES.
913 453 984 533 583

104 617 157 698 A.
181 623 344 718 Fungns.

106 745 155 817 G.
181 747 342 838 Fungus.

114 869 182 938 Ge.
194 853 516 972 Schwarnmicbtes
530 842 846 946 Fleiscbgewacbs.
940 883 942 892 ‚

112 1021 156 1096 V
152 1045 180 1095 A
188 1041 305 1094 urar
324 1043 396 1116 pro
415 1039 532 1088 causa
551 1017 716 1082 remota:

52 1193 88 1236 α.
116 1159 317 1234 Avulnere
341 1173 405 1232 aut
431 1153 645 1257 operatione
668 1139 876 1238 chirurgica
901 1155 988 1235 prae·

113 1304 242 1380 gressa.

58 1405 95 1495 β.
124 1399 178 1472 Ab
200 1398 386 1472 ulceribus
403 1395 524 1470 variis.

59 1553 93 1620 y.
119 1527 148 1593 ll
169 1519 326 1592 fractura
343 1533 408 1592 aut
426 1516 521 1590 carie
541 1511 691 1584 ossium.

110 1687 172 1781 Sp
204 1707 233 1753 ι.
257 1677 417 1792 Mykosis
434 1679 556 1752 Durae
570 1671 721 1747 alama.
830 1673 833 1680 “

114 1839 364 1914 Excrescentia
398 1835 553 1932 fungosa
581 1824 805 1900 membranae
833 1814 996 1901 fibrosae,

63 1959 178 2059 vulgo
192 1963 289 2032 dura
306 1970 423 2032 rnuter
435 1953 560 2036 dictae,
580 1945 638 2018 vel
657 1945 766 2016 etiam
786 1929 993 2035 pulcronii,

65 2108 111 2154 ex
124 2077 349 2154 dehiscentia
361 2061 901 2166 ossrumcranuprotuberans
910 2065 998 2134 cute

64 2219 103 2277 et
129 2201 335 2301 perieranio
367 2211 483 2281 tecta,
512 2218 557 2265 ex
584 2184 874 2310 degeneratione
896 2173 998 2244 durae

67 2323 196 2396 matris
209 2318 266 2393 vel
281 2315 477 2418 perieranii
498 2307 669 2384 oriunda
688 2305 829 2372 Tumor
844 2295 1001 2364 circum-

69 2443 252 2542 scriptus,
276 2437 419 2524 mollis,
449 2433 529 2506 cuti
556 2424 753 2509 concolor,
778 2416 885 2490 varie
920 2432 1001 2480 ma·

72 2561 282 2662 gnitudinis
300 2583 370 2657 pro
398 2556 541 2627 ratione
569 2540 804 2621 dehiscentia
828 2531 1001 2615 ossium,

12 2763 14 2784 ι
73 2683 173 2756 lente
186 2673 614 2809 crescens3quandoque
629 2664 780 2764 pulsans
794 2681 839 2732 ex
860 2649 1004 2732 arteriis
1077 2673 1082 2678 ·

12 2895 14 2918 Ι
74 2797 263 2871 cerebri
230 2799 382 2884 vicinis,
412 2793 592 2892 pressioni
613 2785 747 2858 cedens
763 2793 800 2851 et
817 2776 869 2847 sic
887 2791 1004 2868 quan-

12 2937 13 2942 ’
77 2915 203 3014 doque
216 2913 397 3013 complete
410 2907 672 2982 reducendus
695 2897 883 2972 Pressione
899 2901 1006 2960 aucta

12 3033 13 3042 ἵ
78 3061 290 3138 syncopen
315 3031 575 3168 eatapboram‚
600 3019 938 3096 convulsionesetc.
953 3007 1009 3075 in·

12 3203 13 3206 *
77 3158 241 3245 ducens
260 3181 341 3255 quae
359 3153 546 3254 pressione
569 3143 687 3219 ablata
712 3155 749 3212 et
777 3145 923 3206 tumore
951 3147 1010 3196 re-

80 3279 220 3354 deunte
231 3292 389 3350 cessant
398 3269 604 3374 Palpando‚
618 3287 711 3364 saepe
722 3251 1013 3357 superficiesaut

81 3424 209 3498 margo
225 3399 362 3471 ossium
377 3392 649 3472 dehiscentium
666 3373 875 3478 inaequalis,
895 3388 1012 3465 asper,

81 3537 119 3594 et
134 3527 246 3594 caries
262 3515 412 3590 evidens
431 3513 626 3611 reperitur.
638 3497 873 3596 Quandoque
886 3513 930 3560 ex
942 3483 1014 3583 spi·

83 3644 144 3714 nis
161 3641 298 3713 ossium
322 3621 625 3739 prominentibus
647 3640 683 3696 et
701 3621 831 3694 duram
857 3621 1012 3682 matrem

85 3760 319 3835 irritantibus
342 3757 486 3830 dolores
512 3749 642 3852 capitis
673 3731 946 3816 intolerabiles,
978 3734 1016 3798 et

85 3905 204 3974 mors,
209 3883 300 3957 sine
319 3874 397 3954 ullo
417 3891 565 3952 tumore
588 3883 737 3945 externe
756 3863 965 3962 apparente.
