2756 4850
359 303 428 392 aaa
530 305 600 375 CL.
619 305 670 397 gv,
698 303 868 400 monol
898 301 1096 377 TOPlCI.

408 485 471 581 up.
493 486 528 568 4.
556 479 812 554 Antiadoocus
835 482 1039 556 Sclerodee.

307 701 312 708 ·
410 675 551 743 Tumor
575 668 730 752 tonsillae
747 671 864 743 unius
890 669 948 742 vel
975 671 1197 769 utriusque
1212 671 1320 742 chro-

362 791 494 880 nicus,
520 790 746 890 quandoque
772 790 819 862 ad
841 791 903 863 ovi
921 790 1154 880 columbini
1171 796 1320 889 magni·

361 909 531 982 tudinem
568 911 802 999 increscens;
834 923 1001 1008 tuncque
1042 908 1318 1008 paraphonia,

272 1017 274 1022 ’
361 1024 579 1108 difficultate
604 1027 857 1126 respirationis
879 1042 917 1099 et
946 1026 1230 1126 deglutitiouis
1257 1033 1319 1099 sti·

363 1157 483 1246 patus.

416 1327 612 1424 VAnrar
625 1351 698 1424 pro
718 1352 834 1400 cauea
855 1341 1020 1403 remota.-

362 1535 392 1577 α.
419 1465 632 1604 Aphlogosi
648 1505 881 1580 tonsillarum
895 1561 904 1596 ,
917 1507 1109 1606 praecipue
1124 1510 1318 1604 repetim

303 1703 306 1722 ³
414 1650 619 1725 praegressa.

364 1749 397 1837 β.
423 1743 479 1862 lb
498 1749 621 1818 atonia
638 1745 874 1820 tonsillarum
901 1761 1062 1820 connata
1088 1746 1157 1820 vel
1194 1751 1316 1847 acqui

414 1859 494 1918 sua¹

363 1999 393 2064 y.
420 1967 451 2038 A
468 1966 585 2042 ductu
599 1971 801 2042 excretorio
816 1967 1018 2042 obstructo.

365 2091 394 2163 δ.
419 2088 451 2160 Α
466 2089 558 2160 vitio
572 2085 785 2160 scrofuloso.

316 2299 319 2306 .
362 2239 386 2280 ι.
413 2213 443 2279 Α
463 2211 548 2282 viru
567 2205 783 2306 syphilitico
799 2207 964 2280 tonsillas
979 2224 1217 2306 occupante

362 2336 392 2409 ζ,
418 2324 474 2398 Ab
486 2351 559 2400 usu
574 2325 794 2428 hydrargyri
807 2351 1016 2428 praegresso.

410 2533 471 2626 Sp.
500 2529 533 2604 5.
561 2529 817 2614 Antiadoncus
833 2533 1115 2606 Meaastaaeieus.

408 2715 461 2783 Ex
483 2709 584 2784 febre
603 2736 819 2812 progressa,
844 2727 909 2785 aut
925 2737 970 2784 ex
989 2715 1310 2812 transpiratione,
1357 2719 1358 2794 l

361 2833 458 2904 tinea
470 2885 480 2920 ,
493 2830 650 2920 achore,
680 2831 831 2932 herpete
847 2834 1081 2931 suppressis,
1108 2834 1173 2907 vel
1191 2861 1241 2908 ex
1260 2861 1309 2926 ες-

355 2949 529 3048 philitide
547 2949 742 3022 oriundus.

411 3128 473 3224 Sp.
499 3125 534 3200 6.
561 3125 819 3202 Antiadoncus
845 3129 1060 3205 chronicus.

410 3309 551 3381 Tumor
574 3305 730 3380 tonsillae
757 3311 873 3380 unius
897 3309 955 3380 vel
983 3311 1189 3409 utriusque
1224 3338 1302 3412 per·

359 3445 536 3512 manens,
552 3425 744 3519 indolens,
764 3453 856 3526 saepe
867 3427 986 3503 adovi
1001 3427 1220 3502 columbini
1233 3456 1302 3504 ma·

360 3543 554 3638 gnitudem
568 3547 797 3638 increscens,
808 3547 1069 3624 difficultatem
1083 3553 1303 3650 respiratio

358 3663 417 3752 nis
431 3677 468 3736 et
488 3663 745 3766 deglutitionis
767 3695 941 3772 causans,
965 3697 1007 3746 ac
1022 3697 1149 3750 vocem
1164 3671 1297 3746 obscu-
