2754 4858
396 399 468 495 543
569 403 641 470 CL.
675 400 718 472 V.
745 403 919 475 MORBI
958 405 1165 474 TOPlCl.

442 563 516 658 Sp:
535 587 576 657 72:
592 559 798 644 Slreloneus
821 563 870 632 H
868 563 1085 657 ydropicus.

247 681 248 686 ’
397 681 480 752 Srn.
500 678 659 754 Oddoma
677 679 817 776 pedum
834 693 900 749 aut
912 704 1083 753 crurum.
1097 682 1222 756 Auel.

448 845 589 912 Tumor
601 842 874 926 extremitatum
891 838 1140 932 inferiorum,
1156 845 1319 940 praepo

399 985 420 1030 a
439 959 598 1056 pedibus
615 960 818 1056 incipiens,
836 973 873 1029 et
892 957 1077 1056 paulatim
1098 960 1151 1032 ad
1178 985 1285 1032 crura
1297 979 1320 1028 et

402 1069 543 1173 genua,
565 1075 768 1147 notandam
789 1075 835 1146 ad
850 1073 990 1146 femora
1005 1077 1243 1168 ascendens,
1268 1101 1321 1148 cr:

401 1193 593 1282 concolor,
621 1183 799 1294 frigidus,
825 1197 1112 1295 impressionem
1131 1197 1248 1294 digiti
1265 1220 1323 1266 ret.-

403 1339 559 1430 nens3a
587 1315 741 1414 lympha
768 1331 834 1386 aut
849 1340 931 1388 sero
962 1319 1001 1388 in
1034 1316 1266 1388 membrana
1287 1349 1323 1385 u.
1352 1319 1353 1414 3

402 1433 520 1530 lulosa
552 1438 648 1508 cutis
676 1435 828 1525 effuso,
858 1451 1082 1534 stagnante,
1116 1461 1167 1509 ex
1200 1454 1327 1536 torpor

401 1569 467 1624 aut
495 1554 676 1650 paralysi,
708 1553 766 1626 vel
788 1580 832 1626 ex
862 1556 1144 1652 compressione
1172 1581 1328 1628 vasorum

402 1671 701 1764 absorbentium,
717 1689 760 1744 etr
774 1673 954 1772 ligatura,
978 1689 1134 1745 tumore
1163 1677 1210 1746 in
1245 1675 1331 1777 ahi:-

405 1797 532 1886 mine,
548 1810 613 1866 aut
632 1809 739 1884 utero
765 1793 935 1892 gravido,
953 1791 1084 1865 hernia
1114 1811 1218 1886 etc.;
1241 1822 1334 1894 qm:-

405 1913 529 2012 doque
557 1913 666 1986 etiam
699 1935 742 1984 ex
759 1911 865 1984 rhexi
885 1915 978 1984 vasis
1000 1911 1212 2007 cujusdam
1236 1915 1335 1986 abst:-

405 2032 546 2124 bentis,
563 2050 627 2108 aut
643 2059 686 2106 ex
703 2034 827 2105 atonia
845 2033 941 2144 cutis
954 2032 1135 2106 morbosa
1147 2035 1326 2108 oriunda=
1352 2125 1353 2138 ,

410 2279 414 2286 ,
458 2195 521 2291 Sp.
549 2195 581 2264 8.
611 2171 809 2268 Skeloneus
828 2163 1035 2269 Sclrrodes:

458 2355 619 2443 Tumor,
640 2359 824 2456 praecipue
847 2360 966 2429 cruris
987 2358 1106 2428 unius
1124 2358 1189 2429 vel
1219 2359 1353 2432 utrius!

407 2495 502 2572 que,
526 2475 753 2576 quandoque
772 2479 881 2550 etiam
900 2501 921 2548 a
939 2493 1140 2550 metatarso
1156 2481 1209 2551 ad
1233 2479 1335 2552 semu:

408 2611 445 2666 et
468 2591 619 2692 inguem
638 2620 755 2694 usque
769 2597 988 2686 ascendens,
1015 2599 1255 2686 chronicus,
1287 2601 1329 2670 da

408 2740 491 2805 rus,
513 2713 642 2788 dolens
657 2717 715 2789 vel
734 2718 926 2810 indolens,
952 2717 1144 2804 elasdous,
1164 2724 1252 2790 cuti
1265 2747 1340 2790 em.-

406 2838 528 2926 color,
559 2839 621 2910 sed
645 2839 870 2937 quandoque
895 2840 1005 2909 etiam
1032 2835 1339 2937 epiphlogismate

407 2958 572 3054 stipatus
595 2956 746 3027 Morbus
759 2955 984 3054 plerumque
1008 2962 1339 3052 symptomaticus.

407 3087 452 3176 ex
480 3073 675 3166 scorbuto,
704 3075 940 3176 syphilitide,
974 3075 1229 3182 elephantiasi
1258 3096 1340 3152 etc..

354 3265 358 3276 .
408 3191 634 3300 quandoque
666 3198 775 3270 etiam
804 3223 848 3270 ex
875 3199 1152 3295 compressione
1171 3225 1340 3272 vasorum

404 3310 573 3399 abutere
590 3315 739 3413 gravido
755 3315 873 3388 aliove
890 3318 1094 3390 tumorem
1111 3315 1339 3390 abdomine.

408 3459 429 3505 a
456 3437 614 3506 materiae
639 3435 846 3532 gelatinosae
865 3435 923 3508 vel
951 3435 1110 3534 adiposae
1131 3439 1340 3510 accumula·

405 3554 511 3623 tione
527 3555 732 3644 oriundus,
758 3581 799 3626 ac
813 3555 962 3628 tandem
977 3579 1068 3653 serpe
1087 3547 1128 3626 in
1147 3555 1340 3659 degenera-

408 3669 549 3742 tionem
569 3674 789 3747 membranae
807 3675 987 3750 cellulosae
1003 3676 1145 3750 abiens.

365 3879 369 3888 ¹
454 3783 546 3868 t'ide
564 3795 672 3874 etiam
686 3779 978 3898 Elephentopus.
