2792 4852
284 447 291 462 ’
368 453 409 524 Ο.
445 451 513 520 vl.
550 449 820 521 ONCOSES.
991 455 1058 536 ἀοι

184 591 361 660 Tumores
381 589 491 660 etiam
512 583 694 690 difseiunt
714 586 985 662 characteribus
1005 615 1062 662 ex-

133 711 273 781 ternis:

188 845 235 900 1⁰.
261 831 404 900 Forma.
423 845 473 898 2⁰.
491 828 747 900 Consistentia.
777 825 828 899 3⁰.
852 828 991 901 Colore.
1010 835 1061 918 4⁰.

130 945 363 1018 Elasticitate.
388 947 437 1019 5⁰.
453 945 608 1016 Duritie.
634 944 684 1018 6⁰.
705 947 910 1018 Mutatione
933 945 1066 1018 coloris

134 1069 177 1137 in
192 1091 320 1137 eorum
333 1061 539 1162 superficie.
552 1081 601 1161 7⁰.
614 1064 738 1135 Gradu
753 1063 970 1136 adhaesionis
985 1068 1063 1136 cuti
1169 1051 1172 1064 ’

133 1182 193 1255 vel
211 1181 380 1280 partibus
395 1182 528 1254 vicinis
554 1181 606 1256 80.
628 1180 772 1252 Dolore.
796 1199 848 1274 9⁹.
874 1180 1064 1256 Celeritate

132 1315 201 1372 aut
224 1299 392 1372 tarditate
416 1323 546 1373 eorum
568 1301 800 1372 incrementi.
824 1317 895 1371 10⁰.
921 1299 1065 1372 Ulcera·

134 1421 249 1492 tione.

185 1543 366 1612 Auctores
388 1541 498 1610 etiam
528 1555 692 1612 tumores
710 1539 892 1612 divisione
905 1539 1066 1638 generali

134 1663 178 1731 in
204 1663 346 1732 οαὶἰᾶὀε
371 1673 408 1730 et
418 1661 588 1758 frigidos
607 1660 870 1731 distinxerunt.

186 1775 239 1848 Ad
263 1779 442 1846 Tumores
467 1778 578 1848 etiam
606 1775 732 1850 referri
760 1789 910 1874 possent
932 1779 1068 1849 Excre-

135 1904 287 1970 scentioe
297 1917 342 1964 ao
353 1898 517 1970 Hernioe
533 1910 570 1967 et
586 1899 816 1994 Prolapsuo,
837 1919 931 1996 quos
951 1895 997 1966 ad
1013 1919 1070 1968 or·

136 2013 244 2086 dines
264 2027 448 2112 separatos
470 2011 721 2111 relegavimus.
844 2065 846 2072 x

137 2193 275 2270 SECT.
293 2193 325 2268 Ι.
341 2191 598 2268 TUMORES
612 2188 1071 2276 lNFLAMMATORII,

399 2333 452 2372 teu
477 2309 801 2374 PHLOGISTICI.

196 2455 333 2542 Partis
361 2469 548 2538 externae
568 2469 735 2556 tumor,
769 2438 911 2555 caloi,
938 2451 1074 2538 rubor

140 2603 183 2674 et
198 2585 333 2673 tensio
350 2585 510 2672 dolens.

141 2741 222 2810 Sui.
241 2741 419 2810 Tumores
430 2735 663 2834 phlogostiei.

246 2856 561 2928 Inflammationes
575 2871 742 2926 externae.
816 2860 927 2933 Auca.

240 2977 435 3072 Phlogoses
453 2975 541 3072 (Gr.
556 2981 720 3070 Φλωγοσεις
730 2975 757 3071 ).

197 3119 250 3192 Α.
278 3111 451 3186 External
476 3111 776 3186 inflammations.

196 3239 243 3308 G.
271 3241 453 3306 Tumeurs
476 3231 788 3304 inflammatoires.

197 3357 262 3430 Ge.
287 3349 811 3451 Entziindungsgeschwiilste.

226 3535 382 3584 'rnzonlt
407 3536 584 3584 Tumontm
609 3533 997 3586 lmtmmonlom.

198 3668 393 3766 Phlogoses
407 3693 473 3741 seu
493 3669 805 3742 inflammationes
824 3671 863 3740 in
881 3687 984 3768 parte
1001 3693 1080 3743 cor·

147 3793 248 3890 poris
261 3813 488 3890 quacunque
498 3807 648 3866 externe
657 3791 795 3866 visibili
806 3793 973 3865 oriundae
984 3793 1089 3866 inter·

822 3909 885 3984 Bb
912 3909 933 3980 3
