2756 4850
352 366 394 436 Ο.
420 363 489 438 VI.
525 361 792 438 ONCOSES.
959 363 1029 454 483

76 525 180 594 ,rem
204 517 241 574 et
266 525 414 576 raucam
439 501 607 576 reddens.
637 502 788 576 Morbus
809 500 1034 604 plerumque

97 647 145 694 ex
173 619 467 696 inflammatione
492 621 728 696 tonsillarum
756 627 936 722 repetita,
967 638 1033 695 aut

97 723 211 815 etiam
245 768 288 814 ex
323 744 415 816 vitio
451 739 679 833 scrofuloso,
728 742 787 820 vel
817 743 1031 845 syphilitico

99 859 299 934 oriundus.

150 1025 213 1122 Sp.
244 1051 277 1121 7.
301 1023 555 1098 Antiadonous
575 1028 781 1102 [suemus.

149 1187 200 1258 Ex
215 1199 438 1282 apostemate
455 1201 591 1286 rupt03
617 1201 683 1258 aut
708 1209 754 1258 ex
768 1182 861 1259 vitio
877 1181 1030 1283 syphili-

97 1303 196 1393 tico,
224 1305 402 1404 primerio
421 1305 477 1380 vel
489 1304 728 1392 secundario,
758 1304 824 1378 has
838 1302 1030 1403 glandulas

98 1417 287 1494 afficiente
300 1439 417 1506 ortus.

100 1601 143 1672 e.
170 1603 440 1677 cccmvnr.
502 1571 857 1676 rumoridus.

154 1727 216 1794 Gr.
241 1729 437 1822 Bpoyxoxriln.

154 1903 324 1990 Tumor
333 1901 545 2018 glandulae
557 1899 806 2016 thyroideae,
818 1900 891 1988 vel
905 1901 1031 1990 etiam

99 2035 278 2126 aliarum
308 2035 609 2152 glandularum
645 2033 742 2148 colli
783 2036 1029 2140 anterioris,

98 2171 321 2278 indolens,
344 2171 506 2276 durus,
525 2170 739 2272 renitens,
761 2199 839 2255 nec
864 2199 1032 2282 suppu-

96 2335 223 2410 rans,
247 2336 328 2392 neo
345 2302 608 2390 exulcerans.
635 2299 820 2387 Morbus
846 2297 1031 2414 Alpium

12 2459 17 2472 '
99 2437 410 2551 quarumdam,
430 2437 477 2522 in
494 2435 625 2524 variis
647 2451 768 2520 terme
784 2432 1029 2546 regionibus

97 2567 359 2658 endemicus.

145 2701 237 2774 Vide
250 2705 360 2774 etiam
377 2701 473 2776 infra
484 2705 706 2778 Deironeus.

98 2901 411 2977 ucccxmx.
511 2897 878 2972 MASTONCUS.
955 2935 956 2938 =

145 3025 175 3092 A
192 3019 256 3092 Gr.
270 3024 393 3099 Μαστὸς
406 3041 567 3090 mamma
577 3031 614 3088 et
623 3025 707 3114 ὄγκος
718 3028 854 3088 tumor.

149 3179 321 3267 Tumor
335 3207 547 3282 mammae,
559 3189 633 3264 aut
644 3172 815 3291 papillae
829 3197 1030 3260 mammes

98 3315 225 3402 unius
246 3311 319 3400 vel
338 3313 573 3426 utriusque.

88 3521 95 3528 -
147 3464 352 3542 ἵκω·
377 3469 486 3540 rede:
597 3561 599 3566 Ι

96 3639 124 3684 α.
148 3605 192 3677 In
218 3603 433 3678 membrana
452 3625 602 3677 mucosa
618 3622 798 3673 mammo.

98 3729 129 3826 β.
153 3729 196 3804 In
211 3724 426 3804 membrana
436 3723 604 3804 cellulari
618 3751 648 3800 r.
660 3721 808 3826 adiposi
823 3739 1004 3792 mammae.
