2908 4862
410 489 479 592 57⁸
579 467 725 568 cm.
751 495 923 566 nonar
947 495 1142 570 Torret.

454 650 672 748 A·Epulis.
844 653 859 770 Ἰ

457 775 505 847 G.
533 761 680 870 Epulis;
702 773 839 871 epulie.

456 893 938 992 Ge.Zahusseischgewalchs.

463 1079 652 1152 VAnrar
668 1103 741 1176 pru
762 1103 880 1152 causa
897 1089 1062 1194 renotat:
1201 1119 1204 1128 =

404 1291 437 1332 α.
462 1259 494 1328 Δ
514 1258 606 1330 vitio
620 1257 738 1354 ipsius
758 1257 924 1354 gingivae.

405 1381 440 1470 β.
464 1376 493 1450 Δ
515 1373 685 1475 phlogosi
705 1373 836 1464 alveoli
851 1374 985 1449 dentis.

383 1501 438 1593 γ,
464 1496 610 1566 Acarie
636 1493 767 1566 dentis.

406 1617 436 1686 δ.
461 1614 493 1685 Α
511 1613 607 1683 carie
618 1613 709 1684 ossis
721 1611 919 1686 maxillaris
928 1609 988 1684 vel
1000 1609 1166 1712 palatini.

336 1743 342 1760 '
407 1765 434 1808 ι.
459 1732 604 1804 aritio
623 1733 729 1804 sinus
751 1731 959 1804 maxillaris.

406 1863 438 1944 ζ,
464 1852 494 1923 Δ
516 1850 636 1924 radice
649 1850 772 1924 dentis
788 1851 828 1923 in
848 1849 986 1925 alveola
1000 1850 1138 1929 relicta.

457 2034 519 2130 up.
550 2059 581 2102 ι.
607 2029 737 2132 Epulis
751 2033 926 2128 Simplex.

457 2209 588 2308 Epulis
610 2211 769 2281 maxime
789 2209 830 2279 in
857 2208 968 2281 latere
985 2221 1137 2280 externo
1156 2209 1337 2309 gingivae,

410 2326 634 2428 plerumque
649 2327 841 2414 indolens,
854 2351 898 2399 ex
915 2327 1035 2400 radice
1047 2325 1170 2402 dentis
1183 2335 1338 2404 extracti

408 2446 556 2534 relicta,
574 2444 631 2516 vel
645 2445 976 2520 exodontolithiasi
987 2463 1086 2540 orta3
1104 2449 1337 2550 quandoque

383 2577 387 2584 ’
411 2565 669 2654 indurescens,
686 2589 728 2637 ac
748 2567 786 2638 in
802 2565 1099 2666 magnitudinem
1112 2570 1174 2644 ovi
1189 2568 1337 2644 colum·

411 2683 494 2762 bini
512 2709 731 2759 excrescens.

457 2872 520 2968 up.
548 2895 581 2944 a.
607 2866 738 2969 Epulis
764 2803 1005 2968 complicatd,

462 3054 592 3154 Epulis
620 3055 870 3155 utplurimum
894 3077 938 3126 ex
962 3053 1057 3126 carie
1082 3049 1237 3144 dentis,
1277 3051 1337 3128 al-
1445 3021 1446 3058 ἦ

407 3175 539 3266 veolae,
560 3191 626 3248 aut
640 3171 813 3264 maxillae,
833 3173 890 3247 vel
905 3175 995 3246 ossis
1012 3173 1124 3273 palati
1146 3187 1248 3260 orta,
1265 3191 1336 3250 aut

405 3321 492 3370 cum
510 3321 551 3368 ea
571 3293 805 3392 complicata,
829 3290 1041 3382 dolenter,
1063 3291 1171 3368 facile
1186 3297 1336 3392 sangui·
1443 3323 1444 3332 2

406 3441 496 3490 nem
512 3412 694 3502 fundens3
713 3411 939 3512 quandoque
951 3415 990 3486 in
1005 3436 1176 3514 magnam
1194 3413 1336 3488 molem

407 3559 641 3628 excrescens,
663 3551 702 3610 ct
716 3559 794 3610 non
820 3557 902 3608 raro
923 3535 964 3606 in
984 3531 1092 3608 ulcirs
1109 3535 1198 3608 mali
1219 3536 1338 3609 moris

403 3655 541 3731 abiens.
548 3661 742 3757 Progressu
755 3655 876 3730 morbi
889 3672 1016 3730 tumor
1027 3655 1203 3730 alveolum
1217 3681 1338 3732 uuam

405 3776 464 3849 vel
486 3777 613 3876 plures
637 3800 845 3876 occupans,
876 3801 970 3878 saepe
983 3777 1095 3850 latera
1115 3802 1241 3852 carum
1265 3777 1342 3850 dis·

406 3895 528 3978 tendit
542 3911 579 3972 et
597 3887 649 3973 sic
663 3921 793 3972 cavum
812 3893 947 3974 format
958 3926 979 3992 ,·
993 3899 1034 3972 in
1054 3922 1131 4002 quo
1146 3897 1345 4004 phosphas
1441 3913 1442 3922 ’
