2782 4860
248 393 269 415 ·'
372 385 445 458 266
494 385 559 455 GL.
573 384 632 454 tv.
643 383 882 454 CACHEXIAE
897 387 954 454 ET
969 386 1239 462 CACOCHYM.

372 529 531 612 riarum,
549 523 732 622 praecipue
749 546 792 593 ex
805 523 994 593 Doronico
1011 539 1202 614 constare,
1233 551 1321 598 ma·

376 669 540 743 gnasque
557 645 713 730 virtutes
726 640 885 754 medicas
897 641 1085 740 possidere
1098 641 1216 742 vulgo
1243 669 1327 718 cre-

285 781 299 804 *
374 765 496 836 ditum
523 763 619 853 fuit;
644 759 754 834 hodie
777 761 925 834 eosdem
956 764 1115 836 maxime
1145 789 1191 837 ex
1230 767 1329 864 pilis

374 887 512 962 horum
522 884 740 956 animalium
750 881 941 980 deglutitis
949 896 986 955 et
996 881 1184 957 mediante
1200 909 1329 958 muco

319 983 322 988 ¹
347 1047 349 1050 ·
376 1010 415 1078 in
429 1003 637 1077 ventriculo
652 1006 691 1076 in
712 1017 869 1074 massam
885 999 1075 1100 globosam
1097 1020 1328 1102 compactos

375 1151 450 1198 csse
481 1126 665 1220 novimus.
701 1121 787 1195 Illos
811 1124 879 1220 qui
910 1124 1096 1221 praecipue
1129 1149 1174 1196 ex
1205 1126 1328 1198 India

294 1289 297 1296 ·
375 1243 545 1318 orientali
558 1257 825 1340 apportantur,
845 1257 883 1314 et
900 1244 939 1314 in
956 1243 1168 1316 ventriculo
1185 1243 1328 1322 aliisve

376 1364 485 1434 etiam
503 1360 673 1459 partibus
687 1362 876 1432 variorum
895 1361 1134 1461 antilopum,
1163 1363 1271 1438 forte
1288 1383 1328 1440 et

375 1483 535 1574 aliorum
567 1479 816 1581 animalium,
855 1479 995 1554 ibidem
1034 1485 1328 1582 reperiuntur,

377 1626 510 1700 magna
523 1602 661 1673 virtute
678 1599 844 1689 medica,
861 1603 1069 1700 praeprimis
1086 1604 1265 1679 antidota
1289 1623 1328 1678 et

376 1721 687 1821 alexipharmaca,
724 1720 899 1794 excellere
940 1721 1098 1813 crediti,
1148 1724 1328 1826 indeque

373 1847 553 1919 Bezoard
566 1839 764 1942 appellati,
780 1839 995 1916 avocabnlo
1015 1845 1158 1941 persico
1184 1847 1327 1920 Badt-

377 1965 519 2036 claerou
528 1965 716 2054 Baccher,
730 1959 833 2059 quod
848 1964 1152 2034 antirenenatum
1169 1985 1245 2034 seu
1262 1987 1325 2036 ve

378 2104 474 2150 irena
491 2083 678 2176 corrigens
698 2095 764 2150 aut
787 2079 920 2178 fugans
936 2079 1132 2178 significat.
1165 2082 1215 2152 Hi
1241 2087 1328 2156 Be-

377 2203 508 2274 zoaadr'
523 2222 588 2270 seu
603 2196 735 2272 calculi
754 2200 981 2274 intestinales
997 2255 1007 2290 ,
1024 2222 1172 2300 saepeex
1189 2205 1326 2276 stratis

379 2341 444 2390 seu
467 2317 622 2392 lamellis
641 2321 886 2393 concentricis
905 2323 1128 2418 compositi,
1149 2321 1325 2420 utpluri-

379 2461 485 2509 mum
508 2461 554 2508 ex
575 2437 893 2536 snperphosphate
909 2439 1040 2526 calcis,
1054 2455 1091 2514 ct
1104 2439 1325 2538 phosphate

329 2551 332 2554 ’
379 2558 592 2655 magnesiae,
606 2573 672 2631 aut
689 2559 898 2658 phosphate
916 2563 1327 2660 ammoniaoomagne·

365 2675 437 2750 sta
453 2665 644 2766 constant3
662 2676 840 2774 quidam,
860 2693 903 2750 ut
921 2677 1147 2775 supradixi,
1164 2702 1210 2750 ex
1230 2679 1325 2777 pilis

379 2793 684 2892 glutineanimali
697 2799 896 2884 contextim
912 2795 1065 2895 quidam
1080 2799 1192 2868 etiam
1205 2821 1230 2868 e
1244 2797 1325 2870 bile

379 2929 445 2986 ant
455 2916 573 2986 resina
587 2931 767 2990 constant.
780 2916 879 2993 Olim
892 2916 1056 3014 pondere
1065 2919 1148 2990 auri
1156 2919 1323 3007 venditi,

379 3033 491 3107 hodie
522 3034 624 3132 apud
662 3059 731 3112 nos
769 3036 987 3111 omnimodo
1014 3053 1052 3110 et
1080 3038 1167 3134 jure
1199 3039 1323 3138 negli-

381 3169 535 3252 guntur.

432 3275 539 3346 Hisce
555 3274 855 3346 concretionibus
868 3275 1106 3376 hicadjungo
1127 3274 1231 3348 illam
1257 3303 1323 3377 pe·

380 3389 557 3463 culiarem
588 3389 915 3481 inflammabilem,
942 3419 1025 3492 quae
1057 3397 1097 3468 in
1125 3395 1322 3466 intestinis

380 3513 510 3583 crassis
525 3514 743 3610 Phyaeteria
758 3517 991 3611 macropholi
1010 3528 1231 3612 generatur,
1251 3539 1323 3586 sar-

382 3630 469 3726 pins
487 3631 527 3700 in
550 3635 696 3714 Oceano
712 3647 865 3722 natans,
892 3649 958 3705 aut
980 3633 1028 3704 ad
1050 3632 1175 3706 littora
1202 3637 1321 3706 maris

385 3733 549 3824 Africani
559 3751 690 3846 rejecta
703 3755 898 3852 reperitur,
911 3753 983 3828 sub
993 3757 1147 3830 nomine
1159 3757 1321 3832 Ambra
