2792 4852
414 435 485 521 aas
585 393 734 508 cn'v.
765 437 936 506 noant
973 435 1171 507 romei.

457 600 510 674 A.
535 605 763 696 lmpotency.

461 719 508 791 G.
534 719 787 816 lmpuissance
800 713 919 786 virile.

466 839 533 912 Ge.
545 835 776 912 Mannliches
791 837 1066 932 Unvermdgent

409 1027 434 1091 l.
459 1024 716 1108 luminarunt,
739 1049 769 1094 s.
795 1022 995 1094 omines.

457 1203 520 1296 Sp.
546 1225 574 1270 1.
601 1199 739 1301 lstysia
764 1201 930 1274 Psolica.

454 1383 594 1480 Astysia
614 1405 634 1453 a
654 1383 747 1454 vitio
767 1379 857 1454 colis
869 1403 935 1452 seu
950 1381 1076 1478 penis,
1091 1393 1157 1452 aut
1173 1378 1310 1480 partium

361 1585 364 1592 .
406 1499 452 1572 ad
470 1500 576 1572 illum
596 1502 867 1600 pertinentium
882 1499 1053 1572 oriunda.

452 1659 665 1742 ¹VAnur
687 1685 761 1756 pro
785 1683 902 1734 causo
919 1671 1091 1732 remota.-

404 1848 435 1887 α.
462 1829 488 1888 A
510 1813 655 1888 delectu
680 1813 770 1887 colis
791 1826 964 1887 connato.

403 1939 436 2028 β.
461 1953 488 2008 Α
511 1936 769 2024 mutilatione,
792 1938 1012 2008 castratione
1038 1961 1104 2007 seu
1137 1933 1313 2006 resectione

452 2053 542 2126 colis
561 2071 626 2127 aut
642 2058 825 2154 portionis
841 2057 1020 2152 ejusdem.

400 2203 430 2268 y.
456 2190 483 2245 A
514 2175 630 2244 nimia
662 2173 752 2245 colis
786 2175 946 2247 crassitie
979 2189 1045 2247 aut
1073 2173 1315 2274 longitudine,

451 2294 694 2388 proportione
710 2291 793 2364 data
806 2295 957 2390 vaginae.

400 2414 427 2484 δ.
455 2420 481 2486 Α
502 2414 619 2487 nimia
640 2411 805 2508 ejusdem
824 2416 1005 2488 tenuitate
1022 2429 1089 2486 aut
1105 2415 1287 2488 brevitate.

398 2561 424 2602 e.
452 2530 505 2604 Ab
520 2531 690 2630 atrophia
714 2533 825 2622 colis,
850 2549 915 2606 aut
937 2533 986 2605 ab
1015 2533 1182 2630 ejusdem
1200 2547 1315 2605 tetrae

447 2651 550 2720 tione
566 2675 693 2722 versus
708 2650 892 2724 abdomen
919 2655 975 2744 (*).

382 2781 425 2868 Δζ.
455 2773 484 2838 Α
502 2768 649 2841 laesione
666 2769 792 2842 aliisve
808 2772 908 2842 vitiis
925 2769 1110 2844 cerebelli.

436 2999 479 3074 (¹⁸)
500 2998 600 3080 Hujus
629 3001 698 3062 vitii
717 3001 777 3062 duo
797 3003 948 3084 exempla,
971 3024 990 3062 a
1012 3001 1128 3064 medico
1156 3001 1216 3062 fide
1239 3001 1319 3078 digno

396 3099 473 3161 mihi
492 3103 712 3164 communicata
734 3102 830 3180 novi,
851 3103 905 3164 ubi
924 3103 1018 3180 viris,
1040 3113 1181 3164 ceterum
1199 3101 1317 3186 profect!

393 3186 525 3262 sanitate
533 3201 747 3280 gaudentibus,
759 3202 836 3262 coles
850 3202 995 3284 paulatim
1010 3223 1207 3264 emarcescere
1217 3203 1318 3282 caepit,

393 3298 434 3357 ita
454 3309 488 3357 ut
509 3309 575 3379 post
590 3300 705 3379 aliquot
727 3309 844 3382 ternpus
867 3301 986 3360 nullum
1009 3301 1073 3383 ejus
1094 3303 1274 3384 vestigium,
1294 3307 1317 3358 et

392 3399 513 3458 nonnisi
536 3400 635 3478 portio
647 3401 786 3480 preputii
804 3421 874 3460 cum
890 3401 1006 3461 orificio
1019 3401 1149 3462 uretlrrae
1168 3403 1202 3462 iu
1222 3409 1317 3462 ventre

391 3507 579 3572 remaneret,
602 3500 688 3578 quasi
711 3500 838 3560 alterum
858 3501 1038 3562 umbilicum
1067 3501 1240 3576 mentiens,
1267 3509 1318 3556 ία-

390 3595 490 3654 ticulia
519 3597 633 3658 interea
656 3601 786 3680 perlecta
808 3601 885 3660 sanis
913 3611 942 3660 ct
967 3601 1112 3682 desiderio
1144 3603 1263 3662 venum
1289 3607 1318 3656 ul

389 3703 476 3752 antea
501 3695 627 3776 integro.
657 3699 746 3758 Unde
768 3699 818 3760 bio
837 3701 992 3781 leptismus
1009 3701 1082 3762 colis
1106 3713 1192 3762 ortus
1216 3701 1319 3770 nient,

390 3793 502 3854 discere
522 3817 585 3856 nou
601 3801 708 3876 potui,
733 3821 772 3862 an
796 3802 833 3861 ab
855 3802 991 3886 atrophia
1013 3803 1204 3866 nervorum?
1227 3825 1268 3866 ιιι
1286 3819 1318 3860 ex
