2810 4860
424 421 495 504 ²36
519 437 586 503 cn.
604 435 664 502 tv.
676 429 922 531 ctcunxtffi
936 433 993 502 nr
1003 431 1260 502 etcocnru.

470 613 563 684 Huc
579 614 690 684 etiam
701 613 860 706 pertinet
876 641 887 678 :

468 793 648 860 Cnesmus
673 812 818 858 summe
847 785 1047 872 molestus,
1072 799 1109 856 et
1127 807 1220 880 saepe
1235 783 1347 852 etiem

422 931 508 980 eum
538 905 697 1004 pustulis
719 908 899 1002 junctus,
928 907 969 977 in
1001 903 1186 989 brachiis,
1224 899 1349 987 tibiis,

422 1023 531 1096 dorso
547 1023 592 1095 ab
611 1024 766 1114 insecto,
783 1027 933 1100 Acarna
950 1027 1025 1098 εἰη)
1035 1019 1244 1120 appellato,
1266 1041 1348 1116 pro·

423 1143 569 1214 ductus.

423 1263 639 1354 sm'tcari.

521 1402 682 1472 Cirones.

698 1357 702 1364 ’
760 1349 872 1426 Aure.

472 1585 524 1652 A.
551 1576 627 1651 The
648 1580 750 1649 mite.

475 1699 520 1768 G.
547 1697 598 1767 Le
610 1698 733 1784 cinon,
752 1695 785 1766 la
801 1695 901 1767 mite.

475 1817 543 1886 Ge.
566 1816 690 1905 Miete3
710 1811 895 1885 ktsmilbe.

425 1993 469 2059 11.
497 1993 705 2065 Pernnttsts.

475 2132 583 2201 Aur.
609 2139 742 2220 Ψύλλος,
765 2132 876 2230 pulex
895 2159 902 2202 :
921 2130 1072 2203 Morbus
1091 2155 1113 2202 a
1134 2133 1273 2207 Paline
1294 2159 1354 2230 pe

323 2327 329 2342 ,
427 2261 588 2322 netronte
607 2247 722 2339 dicto,
742 2249 948 2348 productus
960 2251 1017 2346 (⁸).

366 2411 371 2418 ¹
475 2423 668 2497 Ulcuscula
702 2451 846 2498 summe
872 2427 1079 2526 prurientia
1100 2480 1110 2516 ,
1135 2425 1355 2514 dotorifica,

426 2559 462 2615 et
478 2541 678 2616 difficulter
696 2545 872 2617 sanabilia
897 2548 936 2617 in
961 2545 1119 2644 pedibus
1146 2545 1202 2618 vel
1229 2547 1357 2646 digitis

425 2661 577 2762 pedum,
587 2677 622 2733 et
631 2688 723 2767 saepe
736 2665 844 2735 etiam
860 2662 931 2735 sub
945 2664 1136 2761 unguibus
1149 2664 1353 2762 digitorum

424 2783 528 2882 pedis
546 2797 646 2873 nata,
669 2787 708 2854 in
726 2783 938 2882 regionibns
954 2781 1080 2854 calidis
1097 2809 1116 2854 a
1139 2784 1267 2882 pulice
1289 2783 1355 2856 sub

427 2927 570 3000 ungues
591 2919 657 2975 aut
678 2919 799 2976 cutem
819 2918 1051 3003 penetrante,
1064 2903 1191 3002 ibique
1206 2931 1279 2978 ova
1292 2929 1353 2976 sua

318 3024 323 3033 ’
426 3021 646 3120 deponente.
659 3024 810 3097 Morbus
823 3025 861 3094 iu
877 3025 1059 3112 Amerina,
1073 3021 1190 3094 Africa
1202 3039 1240 3095 et
1255 3023 1355 3094 indie

427 3139 643 3213 occidentali
663 3143 868 3239 praeprimis
888 3139 1085 3238 frequens,
1109 3139 1180 3210 sub
1198 3143 1353 3212 nomine

426 3263 591 3356 chiguee,
618 3263 783 3358 chiegoee
800 3317 810 3347 ,
838 3257 896 3331 vel
911 3261 1053 3333 Bieeho
1070 3273 1207 3346 notus3
1237 3283 1354 3358 quan·

467 3517 516 3592 (⁸)
533 3517 628 3576 Pnlex
655 3525 811 3594 penetnnr
835 3515 871 3572 L.
897 3513 997 3574 minor
1028 3523 1076 3572 ert
1099 3512 1197 3594 pulice
1219 3513 1350 3592 wigeri.

427 3617 478 3678 red
496 3614 695 3694 proboscidem
716 3635 822 3696 eorpus
841 3613 1027 3693 longitudine
1042 3621 1209 3690 oqunuen
1222 3611 1352 3671 hebetet

426 3716 624 3776 eommunitcr
649 3714 680 3772 in
708 3711 877 3792 quisquiliit
902 3721 954 3772 eut
985 3713 1087 3774 ubido
1108 3709 1249 3790 bibini,
1274 3710 1353 3772 nude

428 3817 516 3884 etiem
531 3811 628 3872 Putes
644 3815 799 3874 moenita
815 3813 989 3895 appelletur.

782 3950 798 4016 t
