2784 4856
349 335 416 412 152
470 339 537 411 CL.
551 339 610 408 tv.
621 336 861 408 cacuuxffl
875 337 932 406 ET
946 337 1157 410 CACOCHY
1159 343 1207 410 M.

395 473 589 572 sanguinis
606 470 790 546 circulum
805 497 967 571 pervasa
989 489 1054 546 aut
1066 477 1204 548 viscera
1220 473 1287 548 ab·

398 595 601 668 dominalia
619 593 925 693 impedientibus.

347 751 366 789 t.
398 721 427 788 A
448 718 559 800 variis
576 717 676 787 vitiis
696 715 833 786 diaetae=
860 713 1049 812 ingluvie,
1073 717 1193 790 abusu
1218 743 1289 816 po-

302 927 305 936 ,
397 849 506 906 tunm
536 837 852 936 spirituosorum,
883 851 950 908 aut
978 851 1142 933 potuum
1169 859 1288 934 aquo

398 979 525 1026 sorum
543 954 755 1052 tepidorum
778 951 984 1042 habituali,
1010 955 1162 1052 ingestis
1188 967 1289 1024 tena-

397 1071 525 1160 cibus,
545 1072 745 1170 glutinosis
755 1084 774 1162 ‚'
785 1071 1040 1146 acescentibus
1050 1127 1066 1162 ,
1081 1071 1208 1144 acidis.

348 1224 377 1266 κ.
406 1197 431 1262 Α
454 1194 546 1264 vitio
568 1191 799 1265 haereditario
819 1206 885 1263 aut
907 1205 1203 1289 temperamento
1227 1215 1290 1290 pe

400 1312 550 1402 culiari,
565 1313 611 1384 ad
628 1313 877 1410 stagnationes
892 1327 928 1384 et
939 1312 1195 1409 congestiones
1212 1311 1293 1383 bu-

400 1455 549 1503 morum
567 1433 605 1502 in
623 1431 822 1504 abdomine
839 1429 1030 1528 disposito.

349 1553 376 1622 l..
407 1556 436 1619 Δ
460 1548 601 1622 morbis
618 1551 750 1638 variis,
772 1549 960 1620 chronicis
973 1547 1031 1620 vel
1053 1549 1193 1635 acutis,
1207 1571 1292 1646 gra·

402 1669 511 1740 vibus
528 1671 743 1769 pnegressis.

351 1823 384 1886 μ.
411 1788 662 1887 Adialeipyra
684 1786 847 1886 neglecta
865 1786 922 1860 vel
946 1775 1040 1859 male
1055 1801 1218 1858 tractata.

353 1943 378 1982 ν.
405 1913 430 1980 Α
452 1908 652 2006 vaporibus
666 1907 722 1980 vel
738 1909 949 2006 praeparatis
959 1905 1107 2004 plumbi
1122 1901 1290 2004 ingestis3

407 2029 511 2100 unde
547 2027 758 2125 emphraxis
789 2026 1035 2098 abdominalis
1066 2029 1292 2125 pictorum,

400 2149 606 2220 aliorumve
619 2145 799 2245 opificum
815 2147 1016 2244 plumbum
1029 2150 1287 2220 tractantium.

352 2273 379 2355 ξ.
404 2269 459 2340 Ab
474 2271 551 2339 ictu
569 2283 634 2338 aut
651 2270 883 2340 contusione.

350 2421 376 2462 ο.
403 2388 458 2462 ab
474 2386 728 2458 helminthiasi
744 2441 754 2476 ‚
771 2402 836 2459 aut
852 2388 1005 2460 saburra
1024 2413 1199 2478 mucosa,
1216 2392 1288 2462 aci·

399 2507 443 2578 da
461 2523 527 2578 etc.
547 2506 684 2578 canalis
703 2507 936 2578 intestinalis.

352 2659 384 2702 π.
409 2629 435 2697 A
466 2627 557 2696 vitio
594 2623 797 2697 scrofuloso
837 2624 1099 2724 glandularum
1139 2651 1289 2710 mesen-

406 2746 501 2817 terii.
594 2783 600 2797 ι

354 2893 383 2974 ρ.
409 2861 466 2934 Ab
486 2861 661 2936 obesitate
684 2863 811 2934 nimia.
