2886 4858
5 745 7 806 i

259 439 332 552 4οε
368 440 449 510 111.
487 439 905 562 piscennasffl.
989 438 1057 514 351
1227 411 1231 418 ’

180 643 242 738 Sp.
270 668 305 712 α.
328 642 470 738 'Aetysia
493 642 663 714 Orclrica.

183 821 321 910 Astysia
349 843 370 890 a
398 818 490 890 vitio
510 816 799 909 testiculorum,
825 819 883 894 vel
911 823 1063 924 semipis

265 935 437 1008 oriunda.
453 1000 457 1010 .

188 1115 231 1190 V
227 1139 256 1190 A
268 1139 363 1190 MA
378 1139 403 1188 r
423 1142 490 1214 pro
514 1142 631 1189 cauea
654 1129 820 1191 remota:
849 1169 851 1180 .

136 1307 167 1346 a.
193 1283 220 1345 A
238 1271 383 1345 defectu
401 1274 657 1347 testiculorum
671 1290 832 1348 connato
844 1277 900 1368 (‘).

136 1399 169 1490 β.
194 1399 221 1466 Α
241 1397 460 1468 castratione
481 1411 548 1468 aut
566 1399 749 1470 excisione
772 1397 1041 1474 testiculorum.

137 1546 168 1612 y.
193 1521 223 1586 A
243 1514 499 1588 testiculorum
525 1517 912 1608 comminunutione‚
940 1533 1070 1592 contu·

189 1637 317 1722 sione,
338 1650 524 1707 structura
544 1637 669 1708 vitiata
698 1652 767 1709 etc.

140 1754 168 1824 δ.
195 1751 248 1824 ΑΙ)
276 1751 447 1850 atrophia
463 1753 720 1826 testiculorum
748 1779 793 1826 ex
809 1753 956 1828 laesione
978 1779 1072 1830 cere·

189 1871 300 1962 belli,
329 1887 395 1945 aut
412 1888 546 1970 sponte
569 1889 665 1946 nata.

142 2025 166 2070 ι.
192 1991 247 2064 ΑΙ)
272 1992 1076 2092 inflammatione,suppuratione,sclerosi,

155 2141 158 2148 ’
193 2129 258 2186 aut
273 2112 396 2186 ulcere
412 2112 680 2188 testiculorum.

143 2247 173 2320 ζ.
198 2232 255 2306 Ab
285 2236 384 2324 ictu,
413 2215 635 2306 contusione
668 2233 783 2308 aliave
811 2235 957 2307 laesione
981 2259 1077 2308 oere-

197 2352 286 2426 belli
301 2407 310 2442 ‚
328 2355 519 2452 occipitia,
538 2354 688 2426 cervicis
702 2356 773 2448 θ’).

145 2505 174 2556 η.
201 2485 229 2545 Α
259 2485 406 2544 tumore
442 2471 699 2546 testiculorum
740 2475 853 2548 vario.
885 2471 978 2546 Vide
1013 2474 1084 2548 On

196 2594 382 2666 cataneus.
904 2609 906 2613 ’

147 2719 184 2783 3.
210 2710 267 2783 Ab
287 2711 452 2785 asthenia
477 2710 747 2786 testiculorum.

187 2936 230 3016 (⁴¹)
256 2939 498 3012 Defectuwerua
507 2939 714 3001 testiculorum
726 2941 784 3002 rite
795 2940 1021 3020 distinguendus
1038 2951 1082 3002 eat

148 3059 166 3099 a
180 3038 298 3100 deiectu
313 3037 493 3119 quandoque
512 3048 693 3118 apparente,
713 3039 767 3098 ubi
784 3039 914 3100 testiculi
932 3040 966 3100 in
976 3049 1083 3100 ventre

148 3141 272 3200 latentes
287 3185 295 3214 ,
311 3147 365 3198 aut
380 3139 524 3200 herentes
538 3138 571 3196 in
586 3138 709 3216 inguine
722 3139 757 3198 in
776 3148 912 3226 scrotum·
930 3159 993 3198 non
1015 3138 1083 3198 des-

150 3239 329 3315 cenderunt,
338 3240 385 3299 ati
397 3241 430 3299 in
440 3239 537 3320 prima
548 3236 704 3316 juventute
715 3248 855 3298 consuete
868 3237 935 3297 fieri
948 3238 1031 3298 solet.
1044 3268 1083 3286 -

136 3341 211 3402 ‘Hie
229 3339 359 3402 desectus
379 3359 523 3420 apparens
550 3338 780 3412 testiculorum,
801 3359 933 3417 aqueae
954 3337 1085 3399 defectus

150 3459 240 3502 verua
256 3440 348 3500 unius
365 3439 494 3500 testiculi
508 3437 716 3518 impotentiam
735 3459 798 3498 non
813 3437 914 3498 infert.

191 3537 252 3615 (²⁵⁴)
271 3537 423 3598 Notabilia
437 3537 572 3618 exempla
583 3537 671 3618 plura
683 3531 758 3598 bene
773 3539 904 3598 stabilita
923 3537 1013 3616 novi,
1031 3539 1085 3600 ubi

152 3661 190 3700 ex
207 3639 382 3700 contusione
395 3647 448 3697 ant
462 3637 580 3697 laesione
598 3637 732 3718 occipitia
751 3647 786 3696 et
804 3621 943 3698 cerebelli
957 3637 989 3698 in
1010 3638 1086 3699 viria

153 3736 282 3796 robustis
304 3755 397 3816 pauco
419 3743 486 3814 poet
511 3744 645 3815 tempore
669 3735 805 3813 atrophia
826 3736 1035 3798 testiculorum
1057 3746 1087 3798 et

141 3836 260 3915 ‘atym
273 3834 345 3893 colia
359 3833 506 3915 completa
526 3841 778 3915 nupervenerant.
