2782 4860
208 457 251 526 0.
277 455 305 524 1.
332 444 819 526 DYSAESTHETERIAE.
919 451 990 528 215

72 625 96 692 γ.
120 595 148 666 A
173 593 351 687 vulnere,
384 595 627 683 contusione,
660 595 903 673 concussione
934 619 989 666 ca·

19 767 21 836 t
114 717 213 814 pitis.

19 847 20 896 ῑ
73 835 95 906 δ.
117 833 335 925 Afractura,
356 849 421 908 aut
437 833 567 914 fissura
582 835 721 908 ossium
740 834 879 936 eapitis.

73 983 92 1028 ι.
116 957 363 1053 Asanguine,
386 979 489 1058 sero,
513 979 608 1054 pure
629 956 672 1025 in
693 977 781 1028 cavo
805 954 923 1030 cranii
936 977 993 1026 ex·
1035 945 1037 954 ’

115 1088 302 1151 travasat0.

75 1203 97 1274 ζ.
121 1192 483 1294 Ab'bydrokephalo.

76 1345 98 1396 t·
120 1315 149 1384 A
170 1317 409 1413 congestione
422 1316 619 1413 sanguinis
644 1313 789 1386 velseri
807 1315 845 1386 in
862 1315 993 1412 capite.

76 1441 103 1508 9.
126 1443 152 1508 A
179 1436 393 1508 tumoribus
418 1435 556 1508 ossium
587 1436 717 1534 capitis
746 1433 804 1508 vel
828 1437 992 1536 partium

115 1553 286 1627 mollium
314 1555 476 1646 cerebri,
502 1580 659 1628 nervum
683 1555 912 1630 auditorium
935 1555 994 1628 vel

114 1695 192 1744 vasa
212 1675 254 1744 in
283 1697 371 1745 cavo
391 1675 508 1745 cranii
528 1688 613 1746 ante
629 1697 759 1744 eorum
787 1675 992 1770 ingressum

116 1793 299 1864 inaurem
319 1791 664 1891 comprimentibus.

76 1941 93 1980 t.
114 1909 167 1982 Ab
189 1909 456 2007 baemorrhagh
477 1911 628 1981 narium
651 1912 821 1982 instante.

76 2061 99 2101 r„
121 2037 147 2104 A
167 2021 309 2132 polypo
329 2031 489 2102 narium.

77 2155 100 2221 t.
121 2154 150 2222 A
168 2167 317 2224 tumore
331 2149 556 2250 parotidum.

78 2303 105 2364 μ.
127 2277 154 2344 A
173 2273 270 2344 vitio
286 2269 472 2343 dentium.

75 2421 96 2459 ν.
120 2389 173 2462 Ab
193 2392 352 2462 exoetosi
375 2403 441 2460 aut
462 2389 558 2460 carie
574 2391 712 2460 ossium
730 2390 859 2458 cranii.

79 2507 100 2589 ξ.
122 2515 148 2580 A
171 2508 354 2608 pletbora.

78 2655 100 2696 ο.
122 2628 176 2700 Ab
191 2625 498 2700 evacuationibus
519 2628 712 2724 sanguinis
733 2621 870 2697 nimiis.

78 2775 106 2816 π.
135 2747 189 2819 Ab
210 2771 360 2818 excessu
385 2747 555 2834 veneris,
591 2745 872 2844 asekqouipeiae,
907 2767 996 2818 ana-

126 2863 273 2960 pblasis.

77 3007 101 3074 ρ.
122 2979 176 3051 Ab
192 2980 362 3054 astbenia
380 2985 544 3080 corporis
560 2981 785 3070 unoculi,
799 3007 844 3054 ex
855 2979 995 3055 morb'u

118 3103 233 3172 acutis
255 3100 314 3174 vel
335 3099 531 3173 chronicis.

79 3273 118 3344 0.
140 3279 339 3350 CCLXXII.
436 3281 802 3354 PSEUDECOIA.

119 3399 180 3474 Gr.
198 3401 389 3494 Ψωδνμώ,
407 3425 431 3472 a
444 3405 551 3495 ψωδὴς
567 3424 747 3475 erroneus
763 3415 803 3472 et
815 3408 909 3490 ἀκοή,
930 3425 997 3471 au·

78 3511 180 3589 ditus.

127 3697 313 3786 Auditus
355 3729 561 3785 erroneus
597 3729 674 3784 seu
713 3699 997 3815 depravatus,

80 3857 172 3916 cum
205 3833 480 3950 perceptione
518 3833 730 3940 tinnitus,
802 3835 1000 3944 susurri,
