2808 4862
376 397 424 499 tr
474 413 600 484 cerv.
615 407 927 480 crcusxtnnr
943 410 1210 481 cacocuru.

372 549 580 638 elasticum,
603 547 660 620 vel
674 545 866 620 tubercula
879 546 973 618 dura
985 545 1034 643 (*)
1050 601 1059 634 ,
1078 546 1302 645 quandoque

372 671 412 740 in
439 668 561 742 ulcera
583 665 757 746 abeuntia
781 680 916 740 auset.
940 665 1035 738 Vide
1058 667 1173 740 etiam
1189 669 1302 764 Poly·

366 794 498 886 pictas.

277 961 282 972 ·
372 931 416 1017 c.
442 942 605 1028 coru.
704 927 1035 1018 utsrsuuti.

421 1068 483 1136 Gr.
505 1071 714 1163 Auoonrppr'u,
747 1067 866 1154 adire,
911 1066 1059 1154 vitiose,
1095 1080 1134 1138 et
1160 1073 1298 1162 σπέρμα,

371 1210 496 1258 semen
509 1185 635 1257 virile:
649 1185 837 1276 Dyscrasia
852 1186 1006 1258 seminis
1018 1183 1149 1258 virilis.

428 1341 580 1428 Semen
598 1339 722 1426 virile
741 1339 1042 1454 spissitudine,
1064 1339 1297 1444 tenuitate,

373 1492 446 1560 aut
465 1475 693 1558 acrimonia
716 1503 907 1586 peccans.

420 1635 550 1700 Semen
572 1629 687 1724 magis
713 1624 940 1699 odoriferum
956 1639 1029 1714 est,
1055 1649 1134 1723 quo
1155 1625 1303 1698 diutius

372 1747 671 1834 accumulatum,
703 1760 738 1816 et
766 1769 842 1842 quo
866 1745 980 1816 borno
1006 1742 1141 1816 fortior
1165 1761 1303 1818 est,-

373 1868 537 1938 Tenuius
557 1879 594 1938 et
621 1864 778 1936 inertius
797 1889 875 1966 quo
898 1863 1012 1938 bomo
1030 1863 1214 1962 debilior,
1238 1881 1307 1943 aut

378 2011 457 2083 quo
471 1985 725 2056 evacuationes
739 1981 854 2077 hujus
864 1981 1021 2080 liquoris
1034 1981 1312 2083 frequentiores

374 2116 475 2174 sunt.
485 2101 718 2199 Quandoque
730 2103 769 2174 in
780 2099 950 2174 versiculis
958 2100 1203 2176 seminalibus
1215 2127 1307 2174 cou-

372 2223 500 2295 crescit
517 2221 814 2294 insubstantiata
838 2221 997 2310 duram,
1025 2245 1108 2322 quae
1130 2245 1175 2294 ex
1197 2220 1306 2296 albu·

372 2340 474 2412 mine
490 2341 703 2438 inopinato,
720 2339 823 2442 quod
841 2363 972 2438 magua
990 2342 1200 2438 quantitate
1213 2365 1306 2414 con·
1394 2383 1395 2399 κ

371 2463 487 2546 tinet,
503 2475 654 2532 constat.
673 2459 765 2532 Vide
782 2464 1088 2560 Hyperorgoaie,
1114 2463 1305 2562 Astraia,

372 2581 665 2678 Dysspennorio
672 2635 687 2672 ,
704 2585 991 2680 spermaemta.

374 2751 417 2828 G.
442 2757 613 2829 CCVIII.
709 2759 1040 2832 DYSCHOLIA.

421 2879 483 2948 Gr.
509 2883 677 2972 Δυοχολῖα,
706 2881 815 2968 adis,
839 2879 969 2952 vitiose
991 2893 1028 2952 et
1052 2885 1151 2976 χολὴ,
1181 2879 1303 2956 bilis:

370 2996 560 3098 Dyscrasia
576 2995 669 3072 bilis

425 3155 529 3244 Bilis
550 3155 839 3268 spissitudine,
871 3160 1100 3266 tenuitate,
1122 3159 1303 3262 inertia,

371 3307 444 3372 aot
461 3287 712 3393 acrimonia,
732 3291 946 3378 ueletiam
966 3291 1193 3406 putredine
1208 3321 1310 3404 pec-

372 3447 483 3506 cans.

414 3619 468 3698 (⁸³)
485 3622 528 3682 Ut
549 3643 644 3704 nuper
663 3626 694 3684 in
708 3623 832 3688 foemina
851 3627 888 3687 50
906 3645 1055 3686 antrorum
1080 3625 1170 3714 ridi,¹
1185 3627 1220 3686 iu
1244 3647 1310 3706 qua

371 3728 525 3780 omentum
541 3722 705 3782 numerosi·
719 3721 881 3784 tuberculis
895 3727 946 3786 ovi
964 3724 1130 3786 columbini
1150 3725 1308 3808 maguitu-

366 3817 444 3892 dinr,
465 3817 567 3892 duris,
585 3819 788 3884 indolentiltut
805 3823 934 3884 obsitum
954 3835 1027 3886 erut.
