2756 4850
335 442 376 510 0.
402 439 467 511 v1.
492 439 753 516 ONCOSES.
891 521 895 530 ,
922 439 993 535 443

106 575 178 679 18]).
205 571 240 648 3.
265 579 466 678 Empyema
483 585 677 658 Thoracis.

118 733 222 808 Puris
239 761 282 808 ex
299 755 522 837 apostemate
542 740 679 842 pleurae
693 742 753 816 vel
764 739 993 844 pulmonum

70 867 208 950 rupto,
237 857 277 929 in
296 881 427 932 cavum
457 861 618 934 thoracis
648 860 793 937 effusio.

119 1035 183 1132 Sp.
210 1038 243 1121 d.
269 1041 474 1138 Empyema
494 1043 728 1118 Abdominia.

123 1217 230 1288 Puris
244 1243 287 1289 ex
298 1234 522 1320 apostemate
536 1220 701 1320 hepatis,
715 1221 997 1314 intestinorum,

65 1325 260 1431 peritonaei
277 1339 431 1435 ejusque
446 1333 722 1436 appendicum,
739 1353 805 1411 ant
823 1364 995 1439 pancrea·

70 1453 139 1540 tis,
160 1457 276 1542 uteri,
300 1459 508 1531 ovariorum
522 1486 533 1550 3
548 1458 605 1532 vel
622 1460 732 1532 etiam
746 1484 791 1532 ex
802 1461 998 1560 osphytide

69 1587 336 1668 apostematosa
353 1601 568 1676 pragmata,
587 1580 628 1650 in
641 1601 772 1652 cavum
789 1577 999 1654 abdominis

71 1694 217 1768 effusio.

71 1857 115 1932 c.
145 1859 339 1930 cccxxn.
383 1809 388 1814 ¹
457 1859 730 1930 nrlnnxrs.

119 2018 182 2087 Gr.
196 2018 338 2100 Διάδεξις.
349 2019 464 2115 Hipp.
487 2017 663 2088 Humoris
681 2015 845 2112 cujusvis
859 2041 903 2088 ex
919 2041 996 2088 nna

71 2137 238 2233 corporis
259 2151 363 2234 parte
385 2138 425 2206 in
445 2133 554 2207 aliam
572 2135 743 2235 migratio
760 2151 826 2208 aut
838 2133 1000 2207 transla-

73 2257 125 2328 tio
142 2254 362 2356 abnormis(
377 2255 402 2354 ).

125 2415 297 2500 Tumor
312 2445 367 2500 ex
392 2411 663 2499 translatione
693 2409 886 2500 humoris
921 2447 1024 2502 cu·-

72 2547 210 2657 Jlrsvis
233 2575 289 2631 ex
304 2575 387 2632 nna
415 2547 462 2630 in
485 2545 610 2630 aliam
627 2547 817 2662 corporis
834 2565 999 2662 partem

73 2677 285 2764 oriundus
311 2711 322 2762 ε
348 2677 530 2762 Materia
556 2679 770 2792 praecipue
802 2678 1001 2764 translata

74 2813 129 2898 ad
146 2811 319 2915 oculos,
342 2841 490 2914 aures,
518 2809 754 2922 parotides,
781 2809 1000 2924 glandulas

109 3093 160 3176 (⁸)
185 3091 373 3154 Vocabulum
393 3085 557 3166 Danao,
577 3099 727 3150 tumorem
754 3091 792 3150 ab
812 3089 940 3151 humore
964 3105 1004 3150 ex

71 3191 170 3254 aliano
189 3193 256 3252 loco
274 3191 308 3250 in
333 3199 449 3272 partem
472 3205 573 3250 unam
598 3187 732 3268 corporis
759 3189 903 3248 mactato
924 3197 1004 3248 recte
1129 3195 1132 3204 ¹

73 3291 266 3372 expriment,
282 3291 331 3350 hic
341 3287 498 3370 adoptavi3
518 3295 662 3348 coeterum
675 3287 751 3346 bene
764 3286 914 3362 conscius,
926 3285 1004 3348 hanc

73 3407 179 3448 vocem
188 3407 388 3470 cynonymam
398 3387 459 3449 lere
467 3405 528 3446 core
537 3405 607 3446 cnm
618 3383 767 3444 Memmi
775 3427 784 3457 ,
793 3383 830 3444 de
844 3405 904 3464 qua
915 3405 1006 3465 cupra

75 3487 114 3546 V.
130 3487 160 3548 1.
179 3509 209 3570 p.
230 3507 287 3570 27⁰
298 3497 329 3546 et
340 3483 467 3568 neq-egi·
481 3482 670 3544 -Tlreoria
688 3481 856 3542 diedexinm
878 3505 1004 3544 unma-

74 3586 226 3648 ninnium
237 3585 333 3646 adhuc
347 3585 476 3646 multum
490 3583 608 3646 olraonri
625 3583 714 3644 habnt
725 3607 733 3660 ;
746 3583 801 3642 etii
818 3595 946 3662 ayatema
955 3606 1007 3646 ra·

74 3705 178 3746 torum
208 3687 430 3750 abaorbcntium
452 3685 541 3748 hodio
564 3683 671 3748 melina
691 3682 843 3766 cognitum
870 3683 1004 3764 aliquan

76 3778 148 3844 linio
170 3785 214 3846 rei
233 3782 331 3846 lucem
343 3781 487 3846 affundat.
