2792 4852
331 383 448 536 ,³352
564 431 635 500 cu
670 431 713 499 v.
746 427 911 500 uotuu
940 431 1130 504 ToPtCI:

375 604 395 644 ι.
422 574 457 642 A·
485 567 740 641 testiculorum
777 565 974 640 functione
1016 572 1187 646 nondum
1220 598 1288 648 cic
1368 564 1373 641 i

424 686 523 774 luta,
538 689 578 757 in
593 688 792 780 juventute
806 700 893 758 ante
910 701 1059 786 tempus
1075 690 1275 788 pubertatis.

374 839 404 880 ι.
432 805 491 878 Ab
505 829 637 877 eorum
652 802 847 876 functione
862 821 1023 880 cessante
1038 809 1079 878 in
1093 811 1207 882 senio.

373 935 403 1001 λ.
428 926 487 1000 Ab
504 925 635 998 hernia
654 923 863 1021 inguinali‚
886 925 1056 1014 scrutali,
1083 943 1289 1014 amomum,

426 1056 638 1120 steatomate
669 1040 795 1113 aliisve
836 1042 1081 1133 tumoribus,
1122 1046 1291 1120 testiculos
1370 994 1376 1119 i

423 1178 490 1234 aut
503 1186 585 1234 vasa
602 1162 819 1258 spermatica
838 1161 878 1232 in
891 1159 1071 1236 alterutro·
1084 1163 1197 1237 tatere
1207 1187 1291 1237 ccm-
1372 1156 1376 1277 j

427 1279 689 1383 primentibus.

249 1495 252 1502 Ι
376 1438 409 1502 μ.
437 1409 467 1474 A
484 1401 630 1475 defectu
646 1403 799 1473 seminis
816 1414 881 1473 aut
898 1399 1062 1497 ejusdem
1078 1403 1174 1476 mala
1190 1403 1293 1476 elabc

348 1621 351 1628 Δ
427 1524 590 1610 ratione,
603 1519 1294 1622 velasectctioneautexcreticneejus·

428 1640 513 1713 dem
532 1641 681 1712 vitiata:

431 1791 463 1834 1.
489 1769 518 1836 A
539 1763 701 1834 castitate
717 1759 909 1832 habituali.

429 1911 462 1958 2.
493 1882 548 1956 Ab
580 1883 719 1955 arteriae
748 1897 815 1954 aut
844 1907 946 1955 vcnae
978 1884 1205 1980 spermaticae
1235 1907 1297 1955 cm·
1380 1877 1381 1890 ¹

525 2001 669 2100 phraxi.

428 2121 462 2192 3.
492 2123 522 2190 A
542 2136 688 2192 tumore
712 2121 837 2192 vicino
862 2143 945 2193 vasa
971 2122 1190 2219 spermatica
1214 2143 1299 2194 com·

525 2244 721 2338 primentc.

427 2365 463 2448 Δ.
489 2360 547 2431 Ab
564 2386 710 2433 excessu
725 2362 891 2448 veneris,
908 2358 1128 2460 anapblasis.
1166 2390 1171 2398 ·

283 2499 288 2504 ·
378 2511 405 2552 ν.
429 2482 460 2551 A
474 2480 574 2552 vitiis
586 2482 707 2553 scroti.
721 2480 814 2554 Vide
832 2483 1075 2557 Oscheoucuc.

428 2697 493 2793 Sp.
512 2693 546 2773 3.
567 2699 710 2789 Astysia
728 2701 1019 2794 Ejacutationts.

427 2917 570 3008 Actysia
600 2943 644 2989 ex
673 2920 912 3020 incapacitate
948 2922 1052 3012 viri,
1086 2943 1212 2996 semen
1240 2923 1301 2994 rite

379 3037 597 3136 ejaculandi.

429 3261 655 3334 VAMAT:

377 3485 407 3526 α.
433 3459 460 3525 A
478 3453 624 3528 defectu
638 3457 801 3530 seminis.

375 3575 408 3664 β.
434 3571 489 3646 Ab
511 3576 780 3674 impedimento
799 3597 1017 3656 meatuum:

436 3721 466 3771 ι.
489 3697 545 3766 Ex
563 3699 667 3770 vitiis
678 3701 937 3774 testiculorum
951 3717 1017 3774 aut
1030 3723 1304 3800 vasorumcpcr·

529 3817 761 3890 maticocum.
852 3843 855 3852 ·

1200 3941 1303 4015 2.Ex
