2756 4850
342 438 415 536 tat
549 445 622 513 on.
649 441 692 510 v.
719 435 897 508 noant
927 435 1130 510 uomet.

340 618 367 688 y.
397 589 439 655 In
455 579 641 680 glandulis
658 599 828 660 mammae
844 575 992 666 lacteis,
1017 592 1088 649 aut
1118 573 1300 676 lympha-

344 829 371 897 δ.
392 721 645 921 llllglandulis
661 775 830 895 mammae
850 777 1024 888 mucosis.

345 977 370 1017 ε.
396 948 439 1014 In
455 939 642 1040 glandulis
660 961 829 1010 mamma
843 935 1014 1009 sebaceis.

346 1077 375 1148 ζ.
403 1067 446 1134 ln
461 1057 666 1132 mammilla
679 1071 745 1130 aut
762 1055 902 1154 papilla
923 1077 1111 1128 mammae.

348 1224 387 1294 A.
412 1223 671 1290 tuom-raucus.
744 1253 747 1260 ⁴

395 1405 455 1495 Sp.
489 1423 517 1467 1.
545 1395 756 1467 Mastoncus
773 1395 1038 1490 Phlogiatious.

397 1516 491 1590 Vide
504 1520 545 1587 V.
568 1520 593 1586 1.
615 1539 653 1622 p.
677 1512 757 1586 113.
776 1515 958 1587 Mastitis.
977 1511 981 1519 “

397 1703 459 1794 Sp.
486 1721 521 1768 a.
547 1697 758 1768 Mastoncus
774 1695 1094 1790 Apostematodes.

398 1881 538 1948 Tumor
551 1869 815 1982 glandularum
839 1868 897 1941 vel
924 1867 1155 1940 membranae
1183 1869 1303 1944 cellu-

350 1995 437 2067 laris
449 2017 635 2080 mammae,
654 1985 1302 2088 excontusioneautphlogosipm

349 2137 465 2214 gressa
490 2116 530 2185 in
552 2127 739 2210 apostema
759 2109 908 2200 abiens,
934 2123 1001 2181 aut
1024 2133 1069 2182 ex
1102 2115 1302 2184 metastasi

350 2232 548 2306 oriundus.

399 2413 460 2524 Sp.
490 2409 523 2481 5.
550 2411 761 2514 Mastoncus
776 2409 949 2484 Lacteus.

400 2593 540 2658 Tumor
568 2611 737 2658 mammae
757 2589 873 2659 nnius
897 2586 955 2660 vel
987 2589 1224 2686 utriusque,
1257 2615 1302 2666 ex

349 2707 645 2780 accumulatione
661 2722 727 2778 aut
746 2707 1002 2805 coagulatione
1020 2706 1126 2779 lactis
1139 2711 1184 2780 in
1202 2715 1301 2782 vasis

349 2827 407 2898 vel
429 2824 616 2925 glandulis
634 2825 757 2898 lacteis
771 2825 980 2912 oriundus,
1000 2851 1094 2924 saepe
1123 2827 1166 2896 in
1189 2853 1301 2926 apos

351 2965 467 3034 temo,
485 2944 628 3036 ulcera,
645 2961 711 3017 aut
739 2945 996 3019 induratioues
1020 2945 1299 3044 glandularum

349 3067 478 3142 abiens
495 3069 550 3165 Γ).

387 3313 434 3393 (⁸)
453 3315 599 3373 'rumores
616 3309 684 3372 duri
708 3311 888 3393 plerumque
902 3313 988 3373 brevi
1015 3323 1082 3393 post
1106 3325 1238 3394 partum
1264 3315 1299 3374 in

348 3413 485 3475 mammis
499 3459 507 3488 ‚
520 3435 558 3473 ex
569 3413 704 3493 plilogosi
720 3413 813 3475 lactea·
831 3433 989 3494 praegressa
1003 3423 1032 3473 et
1050 3411 1189 3493 neglecta
1209 3417 1275 3473 orti
1289 3460 1297 3486 ‚

346 3531 422 3591 saepe
441 3513 518 3571 mala
535 3531 591 3592 pro
615 3509 736 3572 skirrlm
756 3521 810 3571 aut
830 3511 1037 3574 makinomate
1064 3511 1232 3573 habentur.
1254 3515 1300 3574 ffi

347 3621 479 3670 tumores
494 3611 673 3692 quandoque
693 3611 786 3672 nodos
807 3611 918 3688 duros,
941 3611 1109 3672 dolorifioos
1128 3613 1298 3685 lornant,

347 3714 400 3791 qui
422 3731 498 3790 supe
518 3711 741 3772 medicamentis
754 3711 886 3772 externis
905 3711 993 3774 facile
1006 3713 1225 3784 resolvuntur,
1243 3713 1296 3772 vel

342 3817 522 3894 apostemate
536 3819 627 3890 rupto
641 3811 701 3872 eito
722 3809 883 3892 disparent.
