2688 4850
275 395 318 463 ο.
353 389 440 462 v·11.
474 387 751 460 acuausas.
906 382 973 484 597

35 575 169 632 neam
210 547 329 638 oculi
364 563 547 659 tegens;
585 543 841 660 quandoque
871 567 972 626 cum

34 679 269 766 ulcusculo
288 683 446 794 juncta.

1 864 3 872 ,
29 896 117 965 Su«.
139 892 303 990 Unguis.

1 1000 5 1052 ⁵
140 1011 308 1110 Ungula.
499 1007 611 1084 Auca.

132 1135 290 1204 Panuus
311 1127 423 1203 oculi.

79 1345 138 1426 Ἀ.
169 1353 200 1420 Α
216 1349 321 1422 Web.

88 1472 138 1542 G.
166 1472 287 1565 Taye3
312 1465 443 1566 l’ongle
460 1491 511 1539 ou
528 1459 677 1562 l‘onglet
692 1463 738 1538 de
755 1465 870 1548 l’oeil.':

1 1611 3 1660 ῑ
82 1591 154 1662 Ge.
173 1587 279 1680 Fell,
306 1585 414 1660 Fleck
428 1584 497 1658 auf
506 1585 590 1658 dem
606 1591 718 1685 Auge.

76 1813 142 1911 Sp.
172 1835 206 1885 1.
240 1809 453 1906 Pterygium
469 1812 692 1906 Benignum.

1 2015 3 2056 ¹
73 2026 326 2116 Incrassatio,
356 2040 394 2099 et
416 2027 575 2126 opacitas
599 2025 703 2124 plicae
729 2023 962 2098 semilunaris

1 2145 3 2195 3
27 2147 259 2220 membrana
270 2145 513 2241 conjunctiva}
522 2141 568 2214 ad
579 2142 757 2215 canthum
770 2145 960 2215 internum

25 2263 84 2336 vel
99 2279 299 2338 externum
318 2263 418 2338 oculi
441 2265 555 2336 unius
566 2262 623 2334 vel
637 2255 855 2359 utriusque,
882 2284 960 2358 spe-

1 2441 3 2448 ,
26 2385 122 2455 ciem
138 2384 362 2458 membmnae
376 2381 610 2487 triangularis
626 2381 836 2472 formantis,
851 2384 958 2478 cujus

24 2522 119 2598 apex
136 2504 268 2574 sesain
283 2529 453 2576 carneam
471 2517 778 2602 taansparentern,
794 2500 958 2600 quando·

1 2680 3 2732 t
25 2641 104 2712 que
117 2617 166 2688 ad
184 2635 354 2692 centrum
370 2647 487 2720 usque
500 2623 680 2710 extendit,
696 2621 829 2694 coloris
845 2618 956 2692 modo

24 2736 185 2822 cinerei,
200 2739 311 2810 modo
327 2741 642 2837 erubro-pallidi,
656 2742 717 2811 vix
726 2738 855 2810 dolens
868 2791 878 2824 ,
889 2735 954 2810 sed

25 2865 178 2924 motum
203 2855 302 2928 oculi
327 2857 480 2930 turbans
505 2875 542 2932 et
564 2858 814 2952 amblyopiam
845 2857 952 2929 indu·

25 2991 128 3040 cens.

1 2813 3 2852 V

81 3155 295 3250 Pterygium
312 3151 433 3227 dissert
452 3157 498 3230 ad
514 3157 596 3230 aliis
618 3157 870 3231 excrescentia
896 3173 952 3230 tu·

25 3267 231 3344 berculosis
253 3298 414 3370 cornea,
445 3276 546 3374 quod
564 3275 702 3376 forcipe
724 3277 885 3366 elevari,
915 3289 952 3346 et

24 3412 154 3461 versus
164 3389 267 3462 basin
278 3416 382 3464 suam
399 3395 567 3493 replicari
576 3399 701 3495 possit.
715 3394 866 3468 Morbus
876 3393 951 3494 ple·

25 3531 190 3606 rumque
200 3536 243 3582 ex
256 3512 541 3610 ophthalmitide
554 3515 763 3614 syphilitica
774 3514 832 3586 vel
845 3513 950 3586 chro-

26 3629 110 3698 nica
126 3655 314 3730 praegressa
328 3635 527 3730 oriundus,
543 3661 635 3738 sape
648 3635 716 3710 diu
731 3637 812 3709 aine
822 3631 948 3710 dolore

27 3745 175 3824 durans.
494 3740 497 3746 ¹
