2756 4850
317 445 359 514 o.
396 443 462 514 vi
501 441 755 516 oncosns.
898 441 1010 550 ⁶439

90 591 183 650 mete
193 577 371 677 gradatim
391 581 432 651 in
452 603 607 654 maccam
627 581 821 679 sanguinis
835 579 1010 680 absorpto

91 696 246 772 Phthisic
266 699 411 772 renalis.
434 700 528 774 vide
545 704 750 801 Nephritie.

135 875 197 972 Sp.
230 879 283 963 14.
307 879 504 976 Apostcma
519 879 719 953 humburo.

135 1051 189 1120 Ex
203 1052 299 1122 carie
317 1049 568 1124 vertebrarum
578 1049 692 1124 velex
707 1048 904 1148 oephytide
919 1073 1007 1148 prte-

87 1191 201 1266 gressa
215 1185 357 1260 ortum,
373 1171 500 1245 dolooe
516 1170 649 1248 obtuso
662 1185 700 1244 et
716 1169 1009 1245 debilitatcmus·

87 1288 161 1360 culi
172 1293 268 1362 Psoae
276 1292 425 1388 majoris
437 1294 626 1392 stipatum.
637 1291 791 1366 Pucsub
808 1291 1009 1390 ligamento

87 1411 276 1507 Poupartii
300 1426 498 1510 penetrans
525 1437 618 1512 saepe
647 1428 831 1485 tumorem
861 1425 1008 1502 causat,

90 1526 259 1600 herniam
280 1528 490 1606 femoralem
510 1533 769 1621 mentientem,
793 1531 1010 1629 aquasolli-

88 1649 156 1720 cite
178 1648 466 1748 distinguendus
484 1669 550 1728 est.
571 1653 664 1727 vide
690 1652 768 1729 V‘ol.
797 1655 824 1724 Ι.
853 1678 893 1751 p.
919 1651 1009 1740 106,

88 1769 272 1870 Oephytie
285 1797 506 1870 supputans.

131 1933 193 2030 cp.
226 1929 279 2005 15.
305 1937 501 2030 Apnstema
525 1933 789 2006 lechicdicum.
883 1998 886 2006 .

132 2113 185 2182 Ex
209 2109 504 2184 inflammatione
522 2109 731 2184 coxendicis
743 2125 890 2201 ortum3
904 2133 1009 2207 saepe,

87 2231 271 2328 praecipue
291 2229 523 2328 neglectum,
540 2255 627 2303 cum
647 2231 814 2304 crosione
833 2229 1011 2328 ligamen·

86 2365 274 2424 torumssac
293 2353 388 2424 carie
405 2350 557 2444 condyli
579 2367 616 2424 et
639 2349 724 2423 colli
751 2347 917 2440 femoris,
936 2373 1011 2422 ace·

87 2470 224 2560 tabuli,
252 2471 328 2542 imo
342 2473 452 2544 etiam
468 2473 606 2546 ossium
625 2473 835 2544 vicinorum
853 2467 1010 2568 compli-

86 2605 221 2662 catum.
235 2590 388 2664 Morbus
402 2617 511 2690 saepe,
525 2594 683 2666 maxime
696 2589 903 2665 tutantibus
916 2615 1011 2664 scro-

87 2707 234 2802 tutone,
265 2710 420 2786 lethalis.
443 2713 547 2786 vide.
584 2717 610 2790 l.
640 2739 677 2814 p.
716 2737 795 2810 107.
833 2714 1010 2814 Osphytie

87 2859 306 2933 supparem.

136 3013 199 3109 Sp.
231 3008 284 3086 16.
310 3013 503 3107 Apostema
519 3012 612 3085 Ant.

134 3187 364 3282 Frequenter
387 3209 431 3256 ex
443 3184 613 3284 phlogosi
629 3181 851 3256 membranae
864 3177 1011 3252 cellula·
1113 3179 1119 3188 “

86 3305 366 3378 risintestinuni
377 3321 519 3378 rectum
530 3303 806 3388 circumdantis,
830 3313 1013 3372 autentu·

86 3451 189 3500 more
210 3449 380 3499 vasorum
394 3423 758 3500 haemorrhoidalium
771 3477 782 3512 ,
794 3421 851 3493 vel
864 3447 908 3494 ex
920 3417 1012 3492 faeci-

86 3543 157 3618 bus
169 3545 352 3620 induratis
365 3561 489 3620 ortum
503 3601 513 3632 ,
528 3545 654 3620 dolore
669 3542 852 3632 violente,
868 3557 904 3614 et
929 3565 1012 3639 pro·

89 3663 206 3740 funde
219 3667 289 3740 sito
302 3671 478 3768 stipatum
492 3695 502 3760 ;
517 3666 739 3767 plerumque
753 3661 865 3738 simut
877 3665 1014 3733 varices

87 3787 149 3858 ani
178 3789 331 3861 internae
347 3789 405 3861 vel
424 3803 581 3862 externa·
607 3800 811 3874 tumentes3
837 3783 1013 3870 nchuria,
