<?xml version="1.0" encoding="UTF-8"?>
<!DOCTYPE html PUBLIC "-//W3C//DTD XHTML 1.0 Transitional//EN"
    "http://www.w3.org/TR/xhtml1/DTD/xhtml1-transitional.dtd">
<html xmlns="http://www.w3.org/1999/xhtml" xml:lang="en" lang="en">
 <head>
  <title>
</title>
<meta http-equiv="Content-Type" content="text/html;charset=utf-8" />
  <meta name='ocr-system' content='tesseract 3.04.00' />
  <meta name='ocr-capabilities' content='ocr_page ocr_carea ocr_par ocr_line ocrx_word'/>
</head>
<body>
  <div class='ocr_page' id='page_1' title='image "./novumnosologiae01swedgoog_0144.png"; bbox 0 0 2892 4858; ppageno 0'>
   <div class='ocr_carea' id='block_1_1' title="bbox 350 321 1060 458">
    <p class='ocr_par' dir='ltr' id='par_1_1' title="bbox 350 321 1060 458">
     <span class='ocr_line' id='line_1_1' title="bbox 350 321 1060 458; baseline 0.006 -5"><span class='ocrx_word' id='word_1_1' title='bbox 350 386 390 454; x_wconf 86' lang='grc' dir='ltr'><strong>Ο.</strong></span> <span class='ocrx_word' id='word_1_2' title='bbox 422 321 839 458; x_wconf 43' lang='grc' dir='ltr'><strong>ΝΙΕΧΟΕΒΕΘΕΞ.</strong></span> <span class='ocrx_word' id='word_1_3' title='bbox 995 383 1060 457; x_wconf 81' lang='lat'><strong>153</strong></span> 
     </span>
    </p>
   </div>
   <div class='ocr_carea' id='block_1_2' title="bbox 125 563 1062 784">
    <p class='ocr_par' dir='ltr' id='par_1_2' title="bbox 125 563 1062 784">
     <span class='ocr_line' id='line_1_2' title="bbox 125 563 974 660; baseline 0.006 -27"><span class='ocrx_word' id='word_1_4' title='bbox 125 563 170 633; x_wconf 90' lang='lat' dir='ltr'><strong>G.</strong></span> <span class='ocrx_word' id='word_1_5' title='bbox 191 563 392 635; x_wconf 80' lang='lat' dir='ltr'><strong>ccxxvtl.</strong></span> <span class='ocrx_word' id='word_1_6' title='bbox 459 567 656 636; x_wconf 84' lang='lat' dir='ltr'><strong>CHOIRAS</strong></span> <span class='ocrx_word' id='word_1_7' title='bbox 682 595 710 639; x_wconf 85' lang='lat' dir='ltr'><strong>s.</strong></span> <span class='ocrx_word' id='word_1_8' title='bbox 732 569 974 660; x_wconf 75' lang='lat' dir='ltr'><strong>sQROFULt.</strong></span> 
     </span>
     <span class='ocr_line' id='line_1_3' title="bbox 181 673 1062 784; baseline 0.007 -33"><span class='ocrx_word' id='word_1_9' title='bbox 181 683 244 752; x_wconf 85' lang='lat' dir='ltr'><strong>Gr.</strong></span> <span class='ocrx_word' id='word_1_10' title='bbox 271 685 416 780; x_wconf 71' lang='grc' dir='ltr'><em>Χοιράὸες</em></span> <span class='ocrx_word' id='word_1_11' title='bbox 440 687 561 781; x_wconf 87' lang='lat' dir='ltr'><strong>Hipp.</strong></span> <span class='ocrx_word' id='word_1_12' title='bbox 589 707 611 754; x_wconf 93' lang='lat' dir='ltr'><strong>a</strong></span> <span class='ocrx_word' id='word_1_13' title='bbox 633 692 744 782; x_wconf 82' lang='grc' dir='ltr'><strong>Χοῖρος</strong></span> <span class='ocrx_word' id='word_1_14' title='bbox 762 709 924 784; x_wconf 85' lang='lat' dir='ltr'><strong>porcus,</strong></span> <span class='ocrx_word' id='word_1_15' title='bbox 954 673 1062 780; x_wconf 78' lang='lat' dir='ltr'><strong>cujus</strong></span> 
     </span>
    </p>
   </div>
   <div class='ocr_carea' id='block_1_3' title="bbox 13 799 1060 905">
    <p class='ocr_par' dir='ltr' id='par_1_3' title="bbox 13 799 1060 905">
     <span class='ocr_line' id='line_1_4' title="bbox 13 799 1060 905; baseline 0.005 -36"><span class='ocrx_word' id='word_1_16' title='bbox 13 831 14 844; x_wconf 54' lang='lat'>2</span> <span class='ocrx_word' id='word_1_17' title='bbox 125 799 273 888; x_wconf 76' lang='lat' dir='ltr'><strong>vetula,</strong></span> <span class='ocrx_word' id='word_1_18' title='bbox 294 800 435 874; x_wconf 84' lang='lat' dir='ltr'><strong>scrofa:</strong></span> <span class='ocrx_word' id='word_1_19' title='bbox 455 806 634 905; x_wconf 67' lang='lat' dir='ltr'><strong>Tumoms</strong></span> <span class='ocrx_word' id='word_1_20' title='bbox 659 800 768 893; x_wconf 92' lang='lat' dir='ltr'><strong>colli,</strong></span> <span class='ocrx_word' id='word_1_21' title='bbox 786 805 892 904; x_wconf 86' lang='lat' dir='ltr'>quasi</span> <span class='ocrx_word' id='word_1_22' title='bbox 906 805 1060 874; x_wconf 87' lang='lat' dir='ltr'><strong>tumori-</strong></span> 
     </span>
    </p>
   </div>
   <div class='ocr_carea' id='block_1_4' title="bbox 125 918 1058 1111">
    <p class='ocr_par' dir='ltr' id='par_1_4' title="bbox 125 918 1058 1111">
     <span class='ocr_line' id='line_1_5' title="bbox 125 918 1058 1018; baseline 0.005 -29"><span class='ocrx_word' id='word_1_23' title='bbox 125 918 221 1007; x_wconf 87' lang='lat' dir='ltr'>bus,</span> <span class='ocrx_word' id='word_1_24' title='bbox 243 920 384 1018; x_wconf 87' lang='lat' dir='ltr'><strong>quibus</strong></span> <span class='ocrx_word' id='word_1_25' title='bbox 407 919 530 994; x_wconf 76' lang='lat' dir='ltr'><strong>scrotae</strong></span> <span class='ocrx_word' id='word_1_26' title='bbox 549 921 722 1018; x_wconf 79' lang='lat' dir='ltr'><strong>subjecta</strong></span> <span class='ocrx_word' id='word_1_27' title='bbox 739 937 828 995; x_wconf 85' lang='lat' dir='ltr'><strong>sunt</strong></span> <span class='ocrx_word' id='word_1_28' title='bbox 842 977 852 1011; x_wconf 96' lang='lat'><strong>,</strong></span> <span class='ocrx_word' id='word_1_29' title='bbox 866 949 943 996; x_wconf 94' lang='lat' dir='ltr'><strong>uon</strong></span> <span class='ocrx_word' id='word_1_30' title='bbox 963 922 1058 995; x_wconf 90' lang='lat' dir='ltr'><strong>absi·</strong></span> 
     </span>
     <span class='ocr_line' id='line_1_6' title="bbox 127 1038 244 1111; baseline 0.017 -3"><span class='ocrx_word' id='word_1_31' title='bbox 127 1038 244 1111; x_wconf 85' lang='lat' dir='ltr'><strong>miles.</strong></span> 
     </span>
    </p>
   </div>
   <div class='ocr_carea' id='block_1_5' title="bbox 125 1243 1068 3085">
    <p class='ocr_par' dir='ltr' id='par_1_5' title="bbox 125 1243 1068 3085">
     <span class='ocr_line' id='line_1_7' title="bbox 182 1243 1061 1358; baseline 0.005 -30"><span class='ocrx_word' id='word_1_32' title='bbox 182 1244 398 1330; x_wconf 88' lang='lat' dir='ltr'><strong>Tumores</strong></span> <span class='ocrx_word' id='word_1_33' title='bbox 423 1243 722 1358; x_wconf 79' lang='lat' dir='ltr'><strong>glandularum</strong></span> <span class='ocrx_word' id='word_1_34' title='bbox 750 1248 937 1340; x_wconf 84' lang='lat' dir='ltr'><strong>maxime</strong></span> <span class='ocrx_word' id='word_1_35' title='bbox 967 1247 1061 1334; x_wconf 89' lang='lat' dir='ltr'><strong>sali·</strong></span> 
     </span>
     <span class='ocr_line' id='line_1_8' title="bbox 128 1355 1057 1488; baseline 0.002 -26"><span class='ocrx_word' id='word_1_36' title='bbox 128 1373 323 1486; x_wconf 85' lang='lat' dir='ltr'><strong>vallum,</strong></span> <span class='ocrx_word' id='word_1_37' title='bbox 356 1377 629 1488; x_wconf 86' lang='lat' dir='ltr'>parotidum,</span> <span class='ocrx_word' id='word_1_38' title='bbox 659 1355 1057 1486; x_wconf 85' lang='lat' dir='ltr'><strong>submaxillarium,</strong></span> 
     </span>
     <span class='ocr_line' id='line_1_9' title="bbox 126 1508 1059 1626; baseline 0.006 -32"><span class='ocrx_word' id='word_1_39' title='bbox 126 1508 496 1622; x_wconf 85' lang='lat' dir='ltr'><strong>sublingualium,</strong></span> <span class='ocrx_word' id='word_1_40' title='bbox 539 1543 731 1596; x_wconf 84' lang='lat' dir='ltr'><strong>necnon</strong></span> <span class='ocrx_word' id='word_1_41' title='bbox 761 1511 1059 1626; x_wconf 81' lang='lat' dir='ltr'><strong>glandularum</strong></span> 
     </span>
     <span class='ocr_line' id='line_1_10' title="bbox 125 1633 1062 1756; baseline 0.005 -29"><span class='ocrx_word' id='word_1_42' title='bbox 125 1643 138 1727; x_wconf 97' lang='lat' dir='ltr'><strong>l</strong></span> <span class='ocrx_word' id='word_1_43' title='bbox 139 1641 488 1756; x_wconf 79' lang='lat' dir='ltr'><strong>ymphaticarum</strong></span> <span class='ocrx_word' id='word_1_44' title='bbox 505 1644 604 1728; x_wconf 93' lang='lat' dir='ltr'><strong>colli</strong></span> <span class='ocrx_word' id='word_1_45' title='bbox 619 1659 661 1728; x_wconf 84' lang='lat' dir='ltr'><strong>et</strong></span> <span class='ocrx_word' id='word_1_46' title='bbox 675 1646 874 1748; x_wconf 87' lang='lat' dir='ltr'><strong>cervicis,</strong></span> <span class='ocrx_word' id='word_1_47' title='bbox 888 1633 975 1728; x_wconf 84' lang='lat' dir='ltr'><strong>non</strong></span> <span class='ocrx_word' id='word_1_48' title='bbox 993 1676 1062 1732; x_wconf 87' lang='lat' dir='ltr'><strong>ra-</strong></span> 
     </span>
     <span class='ocr_line' id='line_1_11' title="bbox 126 1776 1062 1890; baseline 0 -28"><span class='ocrx_word' id='word_1_49' title='bbox 126 1808 176 1862; x_wconf 86' lang='lat' dir='ltr'><strong>ro</strong></span> <span class='ocrx_word' id='word_1_50' title='bbox 193 1778 323 1862; x_wconf 87' lang='lat' dir='ltr'><strong>etiam</strong></span> <span class='ocrx_word' id='word_1_51' title='bbox 337 1777 650 1890; x_wconf 88' lang='lat' dir='ltr'><strong>inguinalium,</strong></span> <span class='ocrx_word' id='word_1_52' title='bbox 674 1795 716 1862; x_wconf 86' lang='lat' dir='ltr'><strong>et</strong></span> <span class='ocrx_word' id='word_1_53' title='bbox 736 1776 1062 1866; x_wconf 81' lang='lat' dir='ltr'><strong>subaxillarium</strong></span> 
     </span>
     <span class='ocr_line' id='line_1_12' title="bbox 127 1907 1064 2016; baseline -0.002 -20"><span class='ocrx_word' id='word_1_54' title='bbox 127 1940 176 1996; x_wconf 83' lang='lat' dir='ltr'><strong>ac</strong></span> <span class='ocrx_word' id='word_1_55' title='bbox 189 1912 581 2016; x_wconf 84' lang='lat' dir='ltr'><strong>mesentericarum,</strong></span> <span class='ocrx_word' id='word_1_56' title='bbox 596 1908 807 2014; x_wconf 86' lang='lat' dir='ltr'><strong>chronici,</strong></span> <span class='ocrx_word' id='word_1_57' title='bbox 822 1907 942 2014; x_wconf 88' lang='lat' dir='ltr'><strong>duri,</strong></span> <span class='ocrx_word' id='word_1_58' title='bbox 959 1911 1064 1996; x_wconf 82' lang='lat' dir='ltr'><strong>reni·</strong></span> 
     </span>
     <span class='ocr_line' id='line_1_13' title="bbox 129 2040 1063 2156; baseline 0 -28"><span class='ocrx_word' id='word_1_59' title='bbox 129 2057 284 2145; x_wconf 84' lang='lat' dir='ltr'><strong>tentes,</strong></span> <span class='ocrx_word' id='word_1_60' title='bbox 314 2040 571 2156; x_wconf 80' lang='lat' dir='ltr'><strong>plerumque</strong></span> <span class='ocrx_word' id='word_1_61' title='bbox 603 2041 863 2151; x_wconf 77' lang='lat' dir='ltr'><strong>indolentes,</strong></span> <span class='ocrx_word' id='word_1_62' title='bbox 893 2073 1001 2155; x_wconf 84' lang='lat' dir='ltr'><strong>aegra</strong></span> <span class='ocrx_word' id='word_1_63' title='bbox 1021 2059 1063 2128; x_wconf 85' lang='lat' dir='ltr'><strong>ct</strong></span> 
     </span>
     <span class='ocr_line' id='line_1_14' title="bbox 127 2173 1061 2296; baseline 0.002 -36"><span class='ocrx_word' id='word_1_64' title='bbox 127 2175 239 2260; x_wconf 86' lang='lat' dir='ltr'><strong>male</strong></span> <span class='ocrx_word' id='word_1_65' title='bbox 249 2189 548 2290; x_wconf 85' lang='lat' dir='ltr'><strong>suppurautas,</strong></span> <span class='ocrx_word' id='word_1_66' title='bbox 561 2173 901 2289; x_wconf 85' lang='lat' dir='ltr'><strong>abeuntesqucin</strong></span> <span class='ocrx_word' id='word_1_67' title='bbox 916 2175 1061 2296; x_wconf 80' lang='lat' dir='ltr'><strong>ulcera</strong></span> 
     </span>
     <span class='ocr_line' id='line_1_15' title="bbox 127 2305 1061 2413; baseline 0 -21"><span class='ocrx_word' id='word_1_68' title='bbox 127 2305 322 2393; x_wconf 86' lang='lat' dir='ltr'><strong>ichorem</strong></span> <span class='ocrx_word' id='word_1_69' title='bbox 342 2305 536 2410; x_wconf 88' lang='lat' dir='ltr'><strong>flavum,</strong></span> <span class='ocrx_word' id='word_1_70' title='bbox 567 2337 820 2413; x_wconf 81' lang='lat' dir='ltr'><strong>mucosum,</strong></span> <span class='ocrx_word' id='word_1_71' title='bbox 843 2307 1061 2393; x_wconf 87' lang='lat' dir='ltr'><strong>viscidum</strong></span> 
     </span>
     <span class='ocr_line' id='line_1_16' title="bbox 130 2437 1060 2554; baseline -0.002 -29"><span class='ocrx_word' id='word_1_72' title='bbox 130 2441 362 2554; x_wconf 83' lang='lat' dir='ltr'><strong>plorantia,</strong></span> <span class='ocrx_word' id='word_1_73' title='bbox 394 2439 596 2548; x_wconf 85' lang='lat' dir='ltr'><strong>rebellia,</strong></span> <span class='ocrx_word' id='word_1_74' title='bbox 625 2438 854 2526; x_wconf 86' lang='lat' dir='ltr'><strong>difficulter</strong></span> <span class='ocrx_word' id='word_1_75' title='bbox 881 2456 924 2524; x_wconf 82' lang='lat' dir='ltr'><strong>ct</strong></span> <span class='ocrx_word' id='word_1_76' title='bbox 943 2437 1060 2526; x_wconf 85' lang='lat' dir='ltr'><strong>foede</strong></span> 
     </span>
     <span class='ocr_line' id='line_1_17' title="bbox 134 2570 1058 2686; baseline -0.002 -28"><span class='ocrx_word' id='word_1_77' title='bbox 134 2572 417 2659; x_wconf 82' lang='lat' dir='ltr'><strong>cicatricantia</strong></span> <span class='ocrx_word' id='word_1_78' title='bbox 436 2606 445 2656; x_wconf 91' lang='lat'>:</span> <span class='ocrx_word' id='word_1_79' title='bbox 463 2573 585 2686; x_wconf 84' lang='lat' dir='ltr'><strong>Saepe</strong></span> <span class='ocrx_word' id='word_1_80' title='bbox 603 2571 733 2656; x_wconf 84' lang='lat' dir='ltr'><strong>simul</strong></span> <span class='ocrx_word' id='word_1_81' title='bbox 757 2587 901 2656; x_wconf 78' lang='lat' dir='ltr'><strong>tumor</strong></span> <span class='ocrx_word' id='word_1_82' title='bbox 928 2570 1058 2658; x_wconf 89' lang='lat' dir='ltr'><strong>abdo-</strong></span> 
     </span>
     <span class='ocr_line' id='line_1_18' title="bbox 133 2704 1064 2818; baseline -0.004 -28"><span class='ocrx_word' id='word_1_83' title='bbox 133 2706 261 2792; x_wconf 87' lang='lat' dir='ltr'><strong>minis</strong></span> <span class='ocrx_word' id='word_1_84' title='bbox 277 2705 413 2794; x_wconf 80' lang='lat' dir='ltr'><strong>durus</strong></span> <span class='ocrx_word' id='word_1_85' title='bbox 438 2735 463 2790; x_wconf 92' lang='lat' dir='ltr'><strong>a</strong></span> <span class='ocrx_word' id='word_1_86' title='bbox 488 2705 700 2818; x_wconf 85' lang='lat' dir='ltr'><strong>glandulis</strong></span> <span class='ocrx_word' id='word_1_87' title='bbox 729 2704 970 2801; x_wconf 80' lang='lat' dir='ltr'><strong>mesaraicis</strong></span> <span class='ocrx_word' id='word_1_88' title='bbox 994 2705 1064 2787; x_wconf 87' lang='lat' dir='ltr'><strong>in-</strong></span> 
     </span>
     <span class='ocr_line' id='line_1_19' title="bbox 129 2835 1068 2956; baseline -0.004 -32"><span class='ocrx_word' id='word_1_89' title='bbox 129 2837 294 2947; x_wconf 85' lang='lat' dir='ltr'><strong>larctis3</strong></span> <span class='ocrx_word' id='word_1_90' title='bbox 315 2853 388 2922; x_wconf 90' lang='lat' dir='ltr'><strong>aut</strong></span> <span class='ocrx_word' id='word_1_91' title='bbox 402 2835 696 2952; x_wconf 84' lang='lat' dir='ltr'><strong>ophthalmitis</strong></span> <span class='ocrx_word' id='word_1_92' title='bbox 718 2835 921 2922; x_wconf 87' lang='lat' dir='ltr'><strong>chronica</strong></span> <span class='ocrx_word' id='word_1_93' title='bbox 936 2836 1068 2956; x_wconf 71' lang='lat' dir='ltr'><strong>uchel·</strong></span> 
     </span>
     <span class='ocr_line' id='line_1_20' title="bbox 131 2967 1067 3085; baseline -0.004 -29"><span class='ocrx_word' id='word_1_94' title='bbox 131 2972 194 3056; x_wconf 84' lang='lat' dir='ltr'><strong>lis.</strong></span> <span class='ocrx_word' id='word_1_95' title='bbox 211 2971 265 3056; x_wconf 91' lang='lat' dir='ltr'><strong>In</strong></span> <span class='ocrx_word' id='word_1_96' title='bbox 281 2970 373 3056; x_wconf 88' lang='lat' dir='ltr'><strong>aliis</strong></span> <span class='ocrx_word' id='word_1_97' title='bbox 390 2968 584 3085; x_wconf 79' lang='lat' dir='ltr'><strong>atrophia</strong></span> <span class='ocrx_word' id='word_1_98' title='bbox 601 2987 676 3056; x_wconf 83' lang='lat' dir='ltr'><strong>aut</strong></span> <span class='ocrx_word' id='word_1_99' title='bbox 695 2967 880 3084; x_wconf 81' lang='lat' dir='ltr'><strong>phthisis</strong></span> <span class='ocrx_word' id='word_1_100' title='bbox 896 2967 1067 3082; x_wconf 89' lang='lat' dir='ltr'><strong>pulmo-</strong></span> 
     </span>
    </p>
   </div>
   <div class='ocr_carea' id='block_1_6' title="bbox 130 3103 1213 3213">
    <p class='ocr_par' dir='ltr' id='par_1_6' title="bbox 130 3103 1213 3213">
     <span class='ocr_line' id='line_1_21' title="bbox 130 3103 1213 3213; baseline -0.005 -23"><span class='ocrx_word' id='word_1_101' title='bbox 130 3135 238 3200; x_wconf 89' lang='lat' dir='ltr'><strong>num</strong></span> <span class='ocrx_word' id='word_1_102' title='bbox 281 3103 593 3213; x_wconf 75' lang='lat' dir='ltr'><strong>tuberculos&#39;a3</strong></span> <span class='ocrx_word' id='word_1_103' title='bbox 646 3103 719 3189; x_wconf 87' lang='lat' dir='ltr'><strong>vel</strong></span> <span class='ocrx_word' id='word_1_104' title='bbox 756 3103 883 3196; x_wconf 83' lang='lat' dir='ltr'><strong>etiam</strong></span> <span class='ocrx_word' id='word_1_105' title='bbox 923 3117 1068 3187; x_wconf 85' lang='lat' dir='ltr'><strong>tumor</strong></span> <span class='ocrx_word' id='word_1_106' title='bbox 1210 3145 1213 3153; x_wconf 93' lang='lat'><em>·</em></span> 
     </span>
    </p>
   </div>
   <div class='ocr_carea' id='block_1_7' title="bbox 44 3233 1067 3875">
    <p class='ocr_par' dir='ltr' id='par_1_7' title="bbox 44 3233 1067 3875">
     <span class='ocr_line' id='line_1_22' title="bbox 128 3233 1065 3351; baseline 0 -31"><span class='ocrx_word' id='word_1_107' title='bbox 128 3239 290 3323; x_wconf 88' lang='lat' dir='ltr'><strong>ossium</strong></span> <span class='ocrx_word' id='word_1_108' title='bbox 306 3302 318 3340; x_wconf 87' lang='lat'><strong>‚</strong></span> <span class='ocrx_word' id='word_1_109' title='bbox 333 3236 486 3348; x_wconf 79' lang='lat' dir='ltr'><strong>digitos</strong></span> <span class='ocrx_word' id='word_1_110' title='bbox 499 3233 692 3351; x_wconf 86' lang='lat' dir='ltr'><strong>pedum,</strong></span> <span class='ocrx_word' id='word_1_111' title='bbox 710 3265 946 3336; x_wconf 91' lang='lat' dir='ltr'><strong>manuum,</strong></span> <span class='ocrx_word' id='word_1_112' title='bbox 965 3233 1065 3320; x_wconf 89' lang='lat' dir='ltr'><strong>mal·</strong></span> 
     </span>
     <span class='ocr_line' id='line_1_23' title="bbox 128 3366 1064 3480; baseline -0.002 -26"><span class='ocrx_word' id='word_1_113' title='bbox 128 3369 287 3474; x_wconf 88' lang='lat' dir='ltr'><strong>leolos,</strong></span> <span class='ocrx_word' id='word_1_114' title='bbox 314 3399 491 3473; x_wconf 87' lang='lat' dir='ltr'><strong>coxam,</strong></span> <span class='ocrx_word' id='word_1_115' title='bbox 524 3369 740 3471; x_wconf 89' lang='lat' dir='ltr'><strong>cubitum,</strong></span> <span class='ocrx_word' id='word_1_116' title='bbox 756 3366 831 3452; x_wconf 83' lang='lat' dir='ltr'><strong>scd</strong></span> <span class='ocrx_word' id='word_1_117' title='bbox 850 3367 1064 3480; x_wconf 85' lang='lat' dir='ltr'><strong>praecipuo</strong></span> 
     </span>
     <span class='ocr_line' id='line_1_24' title="bbox 44 3491 1060 3620; baseline -0.006 -30"><span class='ocrx_word' id='word_1_118' title='bbox 44 3491 57 3500; x_wconf 29' lang='lat'>²</span> <span class='ocrx_word' id='word_1_119' title='bbox 129 3505 247 3620; x_wconf 86' lang='lat' dir='ltr'><strong>genu</strong></span> <span class='ocrx_word' id='word_1_120' title='bbox 275 3533 525 3618; x_wconf 84' lang='lat' dir='ltr'><strong>occupans,</strong></span> <span class='ocrx_word' id='word_1_121' title='bbox 558 3502 681 3588; x_wconf 89' lang='lat' dir='ltr'><strong>initio</strong></span> <span class='ocrx_word' id='word_1_122' title='bbox 714 3501 801 3587; x_wconf 86' lang='lat' dir='ltr'><strong>cuti</strong></span> <span class='ocrx_word' id='word_1_123' title='bbox 832 3499 1060 3610; x_wconf 80' lang='lat' dir='ltr'><strong>concolor,</strong></span> 
     </span>
     <span class='ocr_line' id='line_1_25' title="bbox 130 3635 1067 3751; baseline -0.005 -30"><span class='ocrx_word' id='word_1_124' title='bbox 130 3637 219 3724; x_wconf 82' lang='lat' dir='ltr'><strong>soro</strong></span> <span class='ocrx_word' id='word_1_125' title='bbox 234 3636 453 3740; x_wconf 82' lang='lat' dir='ltr'><strong>indolem,</strong></span> <span class='ocrx_word' id='word_1_126' title='bbox 484 3635 584 3722; x_wconf 85' lang='lat' dir='ltr'><strong>dein</strong></span> <span class='ocrx_word' id='word_1_127' title='bbox 602 3663 941 3751; x_wconf 80' lang='lat' dir='ltr'><strong>purpurascens,</strong></span> <span class='ocrx_word' id='word_1_128' title='bbox 958 3665 1067 3718; x_wconf 55' lang='lat' dir='ltr'><strong>sume</strong></span> 
     </span>
     <span class='ocr_line' id='line_1_26' title="bbox 130 3766 1065 3875; baseline 0.001 -19"><span class='ocrx_word' id='word_1_129' title='bbox 130 3801 199 3856; x_wconf 87' lang='lat' dir='ltr'><strong>me</strong></span> <span class='ocrx_word' id='word_1_130' title='bbox 215 3767 476 3875; x_wconf 74' lang='lat' dir='ltr'><strong>dolosificus,</strong></span> <span class='ocrx_word' id='word_1_131' title='bbox 497 3769 542 3853; x_wconf 92' lang='lat' dir='ltr'><strong>in</strong></span> <span class='ocrx_word' id='word_1_132' title='bbox 559 3767 680 3854; x_wconf 86' lang='lat' dir='ltr'><strong>ulcus</strong></span> <span class='ocrx_word' id='word_1_133' title='bbox 697 3766 798 3854; x_wconf 86' lang='lat' dir='ltr'><strong>mali</strong></span> <span class='ocrx_word' id='word_1_134' title='bbox 817 3767 960 3870; x_wconf 83' lang='lat' dir='ltr'><strong>moris,</strong></span> <span class='ocrx_word' id='word_1_135' title='bbox 978 3781 1065 3857; x_wconf 75' lang='lat' dir='ltr'><strong>tan</strong></span> 
     </span>
    </p>
   </div>
   <div class='ocr_carea' id='block_1_8' title="bbox 0 0 1455 4858">
    <p class='ocr_par' dir='ltr' id='par_1_8' title="bbox 0 0 1455 4858">
     <span class='ocr_line' id='line_1_27' title="bbox 0 0 1455 4858; baseline 0 0"><span class='ocrx_word' id='word_1_136' title='bbox 0 0 1455 4858; x_wconf 95' lang='lat' dir='ltr'><strong> </strong></span> 
     </span>
    </p>
   </div>
  </div>
 </body>
</html>
