2756 4850
290 429 332 498 Ο.
374 427 441 497 vt.
478 419 748 500 ONGOSES.
918 429 991 516 415

52 571 82 640 δ.
98 573 306 642 Amorsura
317 579 535 664 serpentum
547 563 755 639 aliorumve
766 562 989 646 animalium

104 703 385 762 venenatorum.
618 767 622 776 ¹

50 835 78 880 ε.
107 805 164 878 Ab
186 807 262 877 acri
281 827 512 904 quocunque
534 803 573 874 in
592 801 676 874 lono
699 801 841 890 alieno,
867 804 926 876 vel
949 808 990 880 in

106 949 222 996 mussa
241 924 434 1020 sanguinis
452 937 625 1020 generato
638 976 649 1011 ‚
664 938 730 993 aut
747 937 912 1013 retent0‚
929 925 990 1000 ab·

104 1057 255 1142 sorpto,
275 1041 373 1114 etad
394 1054 538 1141 partem
558 1057 747 1113 externam
766 1045 863 1116 cutis
880 1043 989 1145 depo·

104 1164 190 1236 sito.

46 1295 81 1368 ζ.
108 1287 139 1354 A
156 1279 310 1353 saburra
324 1277 455 1353 biliosa
471 1281 680 1378 primarum
694 1283 852 1356 viarum.

49 1435 82 1486 η.
111 1407 138 1474 A
151 1404 305 1474 venenis
321 1415 387 1472 snt
401 1398 549 1473 acribus
564 1399 815 1498 peculiaribus
829 1405 990 1504 ingestis.

50 1529 92 1592 9.
114 1521 145 1590 A
172 1519 411 1618 percussione
429 1517 620 1590 radiorum
646 1518 823 1591 solarium
846 1538 912 1594 aut
935 1549 991 1596 ca·

107 1635 186 1709 lore
202 1636 422 1710 violentiore
439 1635 635 1735 applicato.
655 1636 749 1710 Vide
765 1641 919 1713 cauma.

47 1789 73 1830 ι.
102 1763 133 1827 A
155 1755 252 1855 gelu.
278 1756 369 1828 Vide
385 1759 603 1830 Chimetlon.

113 1959 177 2053 Sp.
201 1981 235 2026 n.
263 1952 465 2052 Erytbema
481 1953 736 2029 Pustulosum.

106 2147 258 2222 Mneulae
274 2164 311 2221 et
325 2147 483 2247 pustulae
499 2146 620 2222 rubrae
635 2161 808 2247 ,guttatae
826 2150 867 2222 in
885 2147 993 2242 facie,

51 2295 190 2372 parum
207 2271 487 2368 prominentes,
509 2292 643 2368 asperas
650 2325 662 2358 ,
688 2267 880 2344 chrouieae.

51 2433 264 2502 SunGuttn
279 2452 391 2502 rosea.
700 2507 704 2515 ,

418 2545 597 2644 hepsticn.
796 2545 911 2621 Auos.

158 2711 401 2735 ..w-.-
416 2667 711 2765 symptomatica.

109 2869 340 2944 Vnum.-

52 3103 88 3142 a.
115 3071 147 3138 A
170 3079 263 3164 potu
284 3087 388 3162 aquae
406 3060 572 3160 frigidae,
599 3062 784 3160 praecipue
818 3073 995 3132 aestuaute

111 3209 277 3284 corpore.

55 3309 92 3398 β.
119 3302 178 3376 Ab
193 3301 344 3400 ingestis
358 3297 530 3396 insipidis
541 3293 819 3394 vegetabilibus.

54 3457 89 3522 y.
116 3421 174 3496 Ab
194 3422 344 3520 ingestis
362 3415 587 3518 quibusdam
603 3413 761 3488 acribus.

55 3547 88 3616 δ.
115 3540 173 3614 Ab
189 3541 365 3613 ebrietate
378 3535 571 3612 habituali.

55 3691 85 3733 ε.
111 3663 143 3732 A
160 3661 255 3732 vitio
268 3657 478 3732 ventriculi.

55 3793 88 3868 ζ.
115 3783 147 3851 A
164 3781 258 3852 vitio
275 3779 428 3877 hepatis.
