2808 4862
416 459 459 508 ro
510 440 579 510 CL.
599 437 658 508 lv.
677 435 916 510 CACHEXJAE
931 441 988 508 ET
1002 439 1259 512 CACOCHYM.

410 579 530 649 tivum
556 593 593 649 et
619 579 830 675 portionem
852 578 1010 666 salium;
1039 603 1124 678 pars
1151 579 1277 652 fibrina
1296 589 1323 646 et

410 694 585 768 albumen
611 697 800 796 coagulata
822 699 1039 772 indissoluta
1068 715 1269 772 remanent.
1289 699 1321 764 ln

411 819 586 890 carnibus
606 821 730 890 assatis
755 845 885 892 omues
912 821 967 890 hae
992 819 1209 892 substantia
1232 813 1323 891 simul

409 938 569 1023 adsunt3
590 953 760 1037 praeterea
775 938 867 1011 odor
883 941 1072 1012 extractivi
1088 943 1235 1012 actione
1247 937 1324 1036 ignis

410 1057 599 1130 exaltatur.
900 1065 902 1072 '

459 1183 498 1248 C.
524 1183 717 1250 Canusium
733 1193 769 1250 et
790 1203 896 1250 nrnvi
913 1203 956 1250 cx
975 1177 1156 1276 peculiari
1171 1175 1323 1249 substan
1397 1251 1398 1292 p

410 1297 461 1366 tia
475 1296 646 1368 nondum
661 1297 756 1369 bene
770 1298 917 1394 cognita
935 1312 1132 1384 constant,
1153 1293 1326 1388 simulque

409 1414 615 1512 pauxillum
633 1414 850 1514 phosphatis
866 1413 960 1487 sodae
985 1431 1022 1486 et
1036 1414 1255 1513 phosphatis
1270 1408 1325 1482 cal·
1399 1467 1400 1474 κ

410 1537 485 1624 cis,
510 1561 553 1607 ac
570 1535 787 1634 phosphatis
802 1536 1039 1608 ammoniacae
1055 1536 1264 1606 continent.

460 1657 502 1724 D.
531 1657 605 1726 Pur
624 1669 660 1725 et
681 1677 818 1726 uacuus
841 1653 1005 1725 multum
1028 1631 1199 1750 gelatina·
1224 1646 1328 1721 couti·
1400 1727 1401 1736 ἵ

411 1787 522 1861 nent,
545 1797 635 1872 qua,
649 1775 819 1846 coctione
836 1774 875 1844 in
890 1797 988 1870 aqua
1000 1785 1178 1859 extracta,
1201 1772 1241 1842 in
1255 1765 1327 1840 suls

408 1896 579 1964 stantiam
608 1892 790 1968 friabilem
819 1909 1052 1980 mutantur,
1084 1917 1169 1990 quae
1199 1887 1329 1978 analysi
1401 1943 1402 1948 η

409 2011 573 2083 chemica
597 2012 661 2084 dat
678 2011 803 2084 oleum
831 2011 1008 2098 animale,
1040 2007 1206 2106 ferrum,
1231 2005 1330 2106 phos·

408 2131 556 2228 phatem
576 2129 683 2202 calcis
700 2145 737 2203 et
752 2151 885 2230 parum
904 2129 1112 2202 carbonatis
1128 2127 1250 2200 calcis.

457 2253 495 2319 E.
514 2255 624 2338 OssA,
639 2264 769 2346 praeter
785 2248 909 2320 oleum
926 2246 1043 2318 fixum
1062 2271 1127 2318 seu
1144 2241 1331 2344 pinguedi-

409 2393 517 2461 nem,
541 2385 577 2440 et
595 2394 765 2467 magnam
789 2371 1034 2466 quantitatem
1056 2366 1244 2465 gelatinae,
1271 2385 1333 2462 pro
1402 2385 1403 2392 ¹

409 2489 565 2560 maxima
593 2471 696 2586 parte
719 2500 888 2561 coustant
908 2486 1114 2586 phosphate
1138 2485 1272 2573 calcis,
1297 2495 1334 2552 ut

407 2612 564 2678 &uenus
580 2611 725 2706 primus
747 2583 832 2707 177‘1
854 2610 1022 2724 invenit,
1044 2605 1236 2704 simulque
1256 2629 1334 2704 por·

279 2762 284 2780 ·
408 2726 510 2798 tione
535 2725 741 2799 carbonatis
767 2727 891 2807 calcis„
915 2731 1001 2799 Ossa
1029 2726 1229 2826 principiis
1254 2749 1335 2794 mox

408 2845 515 2918 dictis
530 2846 677 2936 orbata,
703 2848 807 2943 juxta
824 2853 1014 2919 Harcnrrr
1029 2845 1276 2918 substantiam
1290 2845 1334 2916 al-

406 2963 491 3038 bam
506 3023 515 3054 ‚
528 2967 709 3039 clasticam
721 3025 731 3058 ‚
743 2967 891 3041 mollem
903 3025 914 3059 ‚
926 2971 1170 3068 proprietates
1181 2967 1336 3040 albumi-

408 3086 468 3156 nis
484 3085 755 3183 possidentem,
785 3085 1030 3186 relinquunt,
1059 3111 1141 3184 qua*
1165 3084 1337 3182 cartilago

408 3205 626 3302 appellatur.

460 3327 495 3395 F.
513 3327 621 3395 Cinea
636 3347 1116 3398 coucnmronrscaucouosss
1140 3327 1281 3412 varias,
1298 3327 1337 3394 in

412 3463 563 3536 corpore
578 3441 743 3514 humano
761 3460 1013 3535 occurrentes,
1030 3442 1115 3516 vide
1130 3441 1226 3515 infra
1243 3472 1252 3514 ε
1269 3445 1337 3514 ΟΛ·

412 3583 561 3632 cusxur
576 3585 804 3638 caucouosas.
