2810 4860
362 469 433 520 sm
486 449 554 520 CL.
574 441 635 516 tv.
653 441 894 518 etcutxln
908 442 967 517 ET
978 443 1242 522 CACOCHYM.

410 593 515 660 Psora
534 593 548 680 (
557 591 673 684 Ψώρα)
695 589 909 662 Graecorum
915 633 940 680 ,·
954 603 992 660 et
1007 587 1151 662 Scabies
1172 591 1274 665 Celsi
1283 646 1297 682 ,

358 711 436 786 huc
447 701 767 808 pertinent-Leto
783 708 1016 806 Impetiginis
1025 711 1164 808 species
1174 711 1300 810 prima

362 829 461 904 Celsi
478 828 589 898 etiam
613 823 689 898 huc
706 824 927 898 referenda?

360 991 387 1060 1.
414 990 604 1065 Psoriasis
623 987 868 1061 Universalis.
999 1005 1005 1015 ·

410 1149 503 1224 vide
515 1150 626 1220 etiam
643 1169 756 1246 supra
769 1149 814 1219 V.
828 1149 855 1216 Ι.
872 1123 910 1245 p.
922 1144 1008 1244 374.
1027 1148 1205 1220 Cursum.

411 1309 464 1380 N.
490 1311 540 1382 B·
565 1305 747 1380 Psoriasin
777 1305 1025 1380 universalem
1050 1306 1299 1407 epidemicam

361 1423 567 1500 observavit
586 1427 707 1497 Hsnr.

410 1611 472 1704 Sp·
501 1630 529 1676 r.
554 1605 727 1677 Psoriasis
749 1606 871 1680 Sicco.

411 1765 570 1839 Pustulae
590 1765 774 1864 parv'ulae,
791 1769 831 1840 in
850 1767 962 1838 variis
986 1769 1155 1866 corporis
1184 1769 1301 1866 parti·

361 1886 451 1975 bus,
462 1887 646 1985 praecipue
657 1888 697 1958 in
712 1902 846 1960 trunco
861 1889 1026 1986 eorporis
1037 1903 1301 1988 erumpentes,

360 2021 507 2080 summe
525 2009 791 2106 pruriginosu,
814 2008 1013 2108 scalpendo
1027 2009 1067 2080 in
1079 2033 1300 2109 squammu·

361 2129 414 2200 las
430 2126 656 2200 firrfuraceas
669 2127 845 2204 deciduae.

413 2335 476 2432 Sp.
504 2357 537 2402 α.
563 2332 736 2404 Psoriasis
752 2335 940 2408 Humilia.

407 2509 566 2582 Postulae
582 2509 764 2608 parvulae,
784 2512 824 2582 in
841 2507 1038 2610 superficie
1050 2511 1149 2584 cutis
1159 2564 1170 2598 ‚
1182 2513 1301 2584 maxi·

361 2656 422 2704 me
443 2635 481 2704 in
502 2646 663 2718 trunco,
685 2630 749 2704 sed
766 2653 859 2729 saepe
872 2633 984 2704 etiam
1003 2632 1042 2702 in
1059 2632 1302 2704 extremitati-

360 2751 435 2824 bus
450 2747 691 2822 inferioribus
713 2752 881 2848 corporis
903 2767 1166 2849 erumpentes,
1186 2752 1302 2826 initio

359 2870 615 2970 utplurimum
630 2871 750 2961 sicooe,
770 2883 896 2968 postea
908 2869 1143 2943 in'vesiculas
1155 2869 1303 2942 abeun-

360 3005 438 3081 tes,
458 2989 616 3060 humore
636 2989 733 3079 acri,
755 3011 874 3060 crasso
899 2985 957 3060 vel
982 2991 1088 3061 tenui
1116 2986 1301 3086 repletas,

358 3111 553 3208 pruritum
571 3117 609 3180 et
629 3107 797 3180 ardorem
822 3131 968 3180 summe
989 3106 1189 3180 molestum
1203 3111 1301 3180 exci-

361 3245 501 3318 tantes;
534 3229 637 3328 apice
660 3225 907 3316 vesicularum
931 3223 1132 3326 scalpendo
1159 3243 1302 3326 rupto,

360 3349 402 3418 in
416 3343 670 3444 squammulas
684 3345 882 3418 farinaceus
895 3351 1117 3418 exsiccantes
1132 3347 1145 3442 (
1162 3353 1186 3434 ).

399 3571 477 3652 (⁸⁸)
497 3573 626 3654 Emptio
636 3583 761 3634 cotenes
775 3573 943 3648 donnum,
958 3593 1074 3632 summe
1090 3571 1284 3654 pruriginem
1292 3621 1303 3651 ,

359 3673 395 3732 in
406 3671 515 3752 Anglie
530 3673 622 3754 vulgo
634 3675 690 3734 sub
701 3673 824 3734 nominc
837 3672 946 3754 δοιώ
958 3694 981 3733 s.
993 3672 1151 3734 Scorbutic
1162 3671 1304 3754 emption

358 3779 451 3843 note,
466 3787 541 3851 sepe
553 3771 617 3832 sine
627 3791 714 3831 eausa
726 3773 955 3844 evidentemta,
967 3773 1055 3831 certis
1070 3772 1238 3832 intervallis
1256 3793 1305 3834 re·

362 3890 514 3946 currens,
542 3879 572 3930 et
583 3870 743 3934 secretione
762 3873 823 3934 acri
842 3873 960 3954 copiose
977 3893 1011 3934 eo
1026 3871 1306 3953 desquemmetione
