2688 4850
282 405 287 412 -
342 365 414 454 sss
511 364 588 434 cn.
611 361 652 432 v.
679 360 853 454 uonsr
877 359 1089 438 Tortor„

385 550 437 622 N.
460 549 510 620 B.
535 543 795 618 Excrescentiae
826 539 993 641 fungosa
1017 541 1134 616 durae
1166 543 1291 614 mauis

341 669 382 740 in
394 667 473 740 basi
486 667 604 738 cranii
616 665 697 736 sine
708 660 788 735 ullo
804 675 953 735 tumore
974 675 1174 753 externo,
1200 689 1291 736 cere·

284 873 286 880 ¹
338 787 453 861 hrum
463 783 758 886 comprimendo,
770 806 865 882 sape
875 781 1147 882 cataphoram,
1158 781 1288 882 kephs

340 903 491 1006 lalgiam
503 905 787 990 atrocissimam,
801 899 1084 990 convulsiones,
1096 915 1178 973 aut
1190 903 1291 976 etiau

343 1027 509 1098 maniam
526 1020 771 1098 furibundam
786 1034 823 1094 et
839 1035 999 1130 mortem
1019 1037 1209 1096 musant.
1325 1019 1326 1048 ³

397 1183 602 1266 VAnrAr
619 1207 688 1290 pm
709 1205 828 1254 causo
849 1193 1014 1256 mareota.-

340 1375 374 1416 α.
399 1341 682 1429 Aoontusione,
699 1338 830 1438 lapsu,
848 1341 927 1412 ictu
945 1351 1016 1410 etc.

339 1467 374 1558 β.
399 1462 663 1536 Acontusione
677 1460 878 1558 perieranii
890 1455 1072 1558 neglecta.

339 1613 371 1680 y.
397 1585 428 1656 A
444 1579 604 1654 fractura
624 1581 766 1652 ossium
785 1579 915 1653 emnii.

342 1701 374 1774 δ.
399 1703 430 1774 A
446 1698 703 1798 trepanatione
721 1721 928 1799 praegressa.

346 1849 373 1894 e.
398 1818 531 1892 Aviru
551 1817 785 1918 syphilitico,
808 1841 889 1892 ossa
916 1814 1036 1888 cranii
1057 1813 1299 1890 corrodente.

392 2001 629 2074 ¹illusseris
654 2000 770 2098 IruJ‘us
791 1999 928 2096 speciei
950 2008 1034 2068 est:

278 2195 282 2206 ·
397 2177 649 2250 Exoresoentia
663 2174 820 2276 fungosa
831 2175 937 2254 durae
950 2175 1084 2248 matris
1106 2178 1225 2250 nuda
1250 2203 1297 2250 co

349 2291 439 2364 loris
470 2295 686 2392 purpurei,
720 2310 806 2395 post
840 2294 1151 2404 trepanationem
1187 2323 1299 2372 cranu

351 2412 579 2514 quandoque
595 2438 806 2490 occurrens.

398 2597 461 2692 Sp.
481 2615 517 2666 s.
541 2591 703 2686 Mykosis
715 2597 829 2673 Simas
839 2601 1062 2674 maxillaris.

398 2776 650 2850 Excrescentia
660 2775 819 2878 fungosa
831 2777 955 2852 mollis
964 2775 1211 2854 membranae
1224 2805 1297 2854 mn

351 2909 441 2966 cosae
460 2907 526 2966 aut
547 2891 707 2986 librosae,
733 2921 866 2970 cavum
887 2899 993 2972 sinus
1011 2895 1233 2972 maxillaris
1253 2901 1299 2970 in·

350 3011 562 3105 vestientis,
578 3013 760 3114 paulatim
778 3017 877 3091 mole
891 3041 957 3091 sua
971 3017 1137 3116 parietes
1155 3023 1297 3094 ossium

352 3131 587 3225 distendens,
615 3149 652 3208 et
679 3139 869 3236 pressione
895 3136 1058 3210 lamellas
1081 3141 1188 3212 ossis
1212 3157 1298 3212 atte-

351 3253 505 3326 nuando
512 3310 525 3346 ,
537 3250 782 3354 emolliendo,
799 3282 841 3330 ac
856 3257 1044 3331 erodendo
1067 3255 1297 3356 perforans,

349 3370 500 3444 tandem
517 3373 557 3446 in
578 3359 785 3468 cavo'oris,
812 3392 880 3450 aut
895 3379 1178 3475 integumentis
1195 3377 1293 3452 exul

348 3492 479 3564 ceratis
492 3507 640 3568 externe
655 3497 696 3569 in
707 3520 801 3596 gena
816 3521 1016 3598 apparens,
1029 3493 1088 3570 rel
1104 3501 1230 3574 etiam
1242 3523 1296 3570 ra-

347 3605 571 3686 cillationem
584 3630 622 3687 et
630 3613 956 3716 lapsumdentium
967 3617 1179 3692 molarium
1189 3621 1296 3694 indn-

348 3725 466 3804 cendo
476 3783 488 3822 ,
509 3729 662 3810 demum
676 3737 749 3814 sub
765 3737 884 3815 forma
901 3737 1010 3840 fungi
1028 3737 1140 3816 rubri
1158 3765 1236 3842 per
1250 3737 1296 3812 al·
