2856 4862
338 371 796 462 u.1x.u1lnrsu's‘.
952 393 1025 494 59'9
1070 387 1072 398 ·

142 557 204 660 up.
228 560 265 634 6.
289 562 452 634 Vulnera
476 567 693 640 Teretinam.

143 725 357 800 ‘londinum
367 707 571 822 punctura,
581 721 762 816 discissio,
776 725 833 798 vel
845 726 1026 822 laceratio,

92 846 275 944 completa
285 843 343 916 vel
360 842 592 942 incompleta.
617 847 659 914 In
677 845 796 940 priori
816 869 927 940 casu,
954 852 1028 924 im-

94 961 282 1034 mobilitas
299 960 480 1050 membri,
497 961 605 1032 initio
635 959 764 1032 nullus
790 928 870 1036 ve,
880 987 1025 1061 paucus

93 1081 213 1170 dolor,
227 1079 289 1152 sed
307 1103 501 1180 progressu
518 1079 638 1156 morbi
656 1080 880 1180 plerumque
896 1088 1024 1180 gravia

91 1201 348 1298 symptomata.
363 1201 407 1269 In
421 1199 643 1298 posteriore,
660 1211 787 1271 tumor
797 1214 833 1272 ct
847 1200 954 1273 dolor
967 1225 1029 1274 re·

92 1317 249 1390 bemens
258 1374 270 1407 ,
287 1315 552 1406 inflammatio,
565 1318 824 1392 convulsiones
839 1374 850 1409 ,
866 1320 1022 1420 gnatho·

88 1461 284 1538 spasmus,
302 1451 474 1526 tetanus,
499 1451 565 1509 aut
584 1435 692 1510 ulcus
701 1421 854 1512 rebelle.

140 1617 207 1712 Sp.
234 1639 269 1712 7.
295 1611 455 1686 Vulnera
476 1615 640 1690 Occium·

140 1794 240 1866 Oscis
252 1817 297 1864 ex
309 1792 490 1892 periosteo
508 1791 630 1866 ablato
647 1791 874 1882 denudatio;
890 1808 955 1865 aut
972 1796 1027 1894 ip·

90 1912 173 1984 sius
186 1913 275 1984 ossis
292 1911 388 1984 laesio
403 1908 582 2001 violenta,
605 1909 844 2000 exarthrosis,
870 1915 1030 1986 commi-

90 2033 222 2120 nutio,
235 2029 293 2128 vel
309 2029 438 2103 fissura
451 2045 516 2102 aut
534 2029 713 2127 fractura,
731 2057 822 2134 sape
836 2035 876 2107 in
890 2037 1030 2110 cariem

89 2165 161 2220 aut
176 2148 491 2246 ostheophtoriam
504 2150 643 2224 abiens.

89 2331 141 2401 11.
168 2330 339 2400 Vuurrna
360 2331 508 2404 coms.

139 2508 210 2604 Sp.
232 2503 265 2576 8.
292 2501 437 2576 Vulnus
455 2507 656 2582 catvanoe.

82 2673 86 2680 ’
135 2685 295 2760 Ossium
307 2675 618 2782 capitisscissura,
627 2699 831 2781 punctura,
845 2690 1025 2764 autcaesio
1046 2660 1053 2672 .

80 2807 272 2906 simplcx3
306 2802 364 2876 vel
388 2828 476 2874 cum
517 2805 737 2877 contusione
770 2805 930 2878 violenta
960 2822 1027 2881 aut

84 2935 203 3006 etiarn
222 2949 310 2998 cum
328 2919 595 3022 perforatione,
620 2919 749 2994 fissura
765 2922 822 2994 vel
837 2925 1024 2998 contraiis·

84 3074 203 3137 sura,
225 3059 293 3116 aut
306 3036 463 3114 fractura
481 3039 612 3113 tabulae
634 3041 847 3129 exterioris,
870 3067 961 3140 saepe
978 3045 1024 3114 si.
1120 3031 1125 3042 '

87 3167 174 3242 mul
206 3164 394 3237 interioris
411 3163 568 3258 juncta3
596 3162 786 3232 autetiam
810 3187 894 3232 cum
923 3162 1026 3258 arul-¹

85 3293 218 3378 sione,
236 3282 295 3358 vel
313 3284 597 3380 intropressione
611 3283 750 3354 ossium
770 3280 998 3382 complicata.

137 3471 203 3566 Sp.
232 3489 269 3560 9.
294 3459 441 3532 Vulnus
455 3461 678 3558 Eukeplrali.

135 3639 294 3716 Gercbri
307 3637 365 3710 vel
379 3637 548 3711 cerebelli
564 3636 661 3710 laesio
675 3637 849 3736 simpler;
875 3637 931 3710 vel
950 3657 1023 3713 me·

80 3768 260 3862 ningum
279 3758 448 3833 contusio
472 3773 539 3832 aut
562 3759 837 3860 conquassatio,
851 3755 1026 3859 plerumq
