2792 4852
944 279 955 318 l

221 486 223 494 .
339 427 411 508 loo
511 422 583 490 CL.
617 419 659 490 V.
688 417 859 488 MORBI
897 417 1101 488 TOPICI.

336 559 447 652 ralysi
468 581 639 630 vasorum
658 554 965 644 absorbentium3
994 556 1054 628 vel
1079 581 1124 628 ex
1143 581 1285 628 eorum

337 679 608 778 compressione
629 674 865 762 mechanica,
896 690 962 746 aut
978 675 1135 748 demum
1163 679 1284 749 etiam

251 807 256 818 '
335 797 687 897 exstrangulatione
700 796 813 892 partis
831 791 979 868 affectae.
998 796 1284 870 Accumulatio

338 941 425 989 nem
444 917 647 988 humorum
672 915 712 984 in
726 928 832 1012 parte
849 937 1078 1012 quacunque
1097 932 1283 1014 praterea

337 1039 447 1108 etiarn
481 1036 571 1106 oriri
605 1057 710 1132 posse
741 1031 812 1104 sub
835 1047 933 1104 statu
960 1059 1134 1106 vasorum
1158 1062 1283 1110 secer-

339 1157 510 1226 nentium
537 1168 573 1223 et
601 1149 881 1223 absorbentium
903 1167 1076 1226 caeterum
1100 1181 1214 1246 sano,
1233 1183 1283 1228 ex
1386 1151 1387 1160 ¹

338 1271 514 1372 qualitate
534 1256 704 1341 humoris
727 1269 773 1340 ad
793 1285 936 1368 partem
962 1271 1106 1344 advecti
1123 1277 1284 1362 vitiosa,

337 1391 500 1487 indeque
542 1403 627 1460 nata
657 1389 863 1462 irritatione
896 1405 962 1462 aut
989 1389 1281 1484 obstructione,

337 1508 505 1607 quotidie
521 1508 759 1581 observamus
776 1536 784 1578 :

389 1631 485 1702 Hinc
497 1630 686 1701 distinctio
699 1627 1106 1702 essentialistumorum
1120 1631 1278 1728 prodit:
1386 1629 1387 1722 s

391 1768 439 1822 1⁰.
461 1755 504 1822 In
530 1775 611 1836 eos,
638 1750 704 1845 qui
731 1773 774 1818 ex
790 1747 1089 1820 accumulatione
1111 1753 1279 1822 materiae

337 1869 492 1960 similis,
525 1857 711 1968 qnalisin
747 1881 844 1938 statu
869 1867 1028 1938 normali
1057 1885 1281 1942 constanter

337 1990 476 2061 secerni
507 1987 614 2076 solet,
651 1989 838 2058 oriuntur.
869 2005 919 2055 2⁰.
945 1991 988 2056 In
1020 2011 1102 2076 eos,
1137 1991 1278 2086 quiex
1386 2003 1387 2030 ³

337 2106 488 2177 materia
505 2104 643 2192 aliena,
660 2119 726 2175 aut
746 2105 876 2176 vitiosa
893 2103 1070 2201 qualitate
1093 2122 1278 2202 peccante

336 2225 382 2296 ad
397 2237 540 2322 partem
554 2221 678 2294 allata:
692 2246 735 2293 ex
749 2223 841 2295 lacte
855 2223 1061 2322 coagulato,
1078 2228 1189 2297 urina
1202 2242 1276 2316 etc,

338 2360 403 2416 aut
416 2343 596 2415 metastasi
613 2340 692 2430 ‚vel
711 2367 754 2414 ex
777 2341 935 2414 humore
958 2347 1099 2441 spisso,
1126 2371 1274 2436 crasso,
1386 2429 1387 2442 ξ

340 2462 501 2532 terrestri
512 2513 521 2548 ,
532 2461 624 2547 acri,
648 2457 765 2532 salino
775 2475 842 2532 etc.
854 2461 900 2532 ad
915 2475 1057 2559 partem
1076 2461 1272 2561 deposito;

338 2607 380 2652 ac
404 2579 454 2652 3⁰.
471 2580 622 2651 demum
642 2581 681 2650 in
701 2603 779 2668 eos,
806 2581 873 2676 qui
899 2604 943 2651 ex
971 2582 1273 2654 accumulatione

339 2701 509 2772 humoris
528 2700 637 2769 initio
652 2700 756 2786 sani,
789 2697 852 2768 sed
871 2723 1065 2796 progressu
1089 2705 1271 2799 temporis

339 2817 509 2888 crnsisua
521 2815 680 2886 normali
693 2819 827 2889 mutati
838 2832 874 2888 et
888 2817 1114 2916 degenerati,
1141 2819 1268 2891 locum

342 2935 477 3010 habere
495 2934 624 3009 solent.
974 3015 980 3029 Ι

393 3061 570 3128 Tumores
596 3070 768 3154 praeterea
787 3055 989 3132 disserunt:

397 3191 443 3246 ιθ.
469 3179 539 3248 Pro
561 3175 832 3270 organisatione
850 3193 914 3247 aut
932 3192 1117 3249 structura
1142 3195 1179 3250 et
1197 3205 1267 3251 nu-

340 3319 443 3366 mero
461 3316 630 3364 vasorum
651 3294 766 3390 partis
786 3293 934 3369 allectae.
959 3313 1008 3367 2⁰.
1026 3301 1095 3368 Pro
1111 3295 1266 3370 irritabi·

338 3413 439 3482 litate
457 3427 522 3482 ant
538 3411 775 3484 sensibilitate
788 3413 949 3508 ejusdem
969 3415 1106 3510 majore
1123 3415 1182 3487 vel
1199 3419 1268 3488 mi-

340 3553 441 3600 nore.
458 3529 507 3600 3⁰.
523 3533 591 3602 Pro
607 3535 760 3603 materia
782 3549 966 3606 contenta.
994 3537 1046 3618 4⁰.
1076 3538 1145 3606 Pro
1166 3552 1266 3608 atate

339 3649 433 3742 aegri.
455 3647 505 3718 5⁰.
521 3651 589 3719 Pro
600 3653 867 3725 constitutione
880 3677 944 3726 seu
960 3653 1090 3726 habitu
1104 3659 1267 3756 corporis

339 3766 423 3862 aegri
442 3764 632 3861 peculiari.
