2792 4852
342 385 420 474 gor,
548 383 623 453 cn
650 383 694 450 v.
720 382 889 452 Moram
914 385 1102 456 ror-101.

347 519 527 606 morloiad
551 521 694 618 parletn
719 521 840 610 allati,
862 521 964 594 unde
986 521 1250 596 accumulatio
1263 541 1307 596 et

340 641 534 739 congestio
557 640 725 736 ejusdem
753 643 793 712 in
822 645 916 715 vasis
936 643 1164 733 debilitatis,
1200 670 1306 744 saepe

346 782 436 848 cum
463 758 753 832 amaricatione
775 760 935 855 juncta,
967 765 1229 838 irritationem
1257 791 1304 838 ac

346 883 436 956 inde
452 881 790 953 inflammationem
805 883 980 954 excitans.

393 997 876 1094 Tumoresinflammatorii
906 1025 1001 1100 saepe
1024 1027 1070 1074 ex
1094 1027 1213 1074 musa
1238 1029 1301 1074 ex-

343 1117 449 1197 terna
472 1121 664 1208 evidente,
690 1119 749 1190 vel
771 1121 883 1190 etiam
911 1118 1070 1212 latente,
1099 1135 1299 1219 apparent

342 1245 423 1314 sine
440 1238 514 1310 ulla
533 1237 652 1326 febre,
675 1236 733 1307 vel
748 1263 792 1309 ex
807 1235 909 1308 febre
922 1263 1119 1336 praegoessa
1133 1293 1144 1327 ,
1159 1255 1236 1312 aut
1249 1265 1300 1310 ex

342 1359 563 1458 migratione
584 1381 647 1428 ceu
675 1355 916 1429 translatione
941 1357 1113 1430 humoris
1136 1383 1184 1432 ex
1211 1383 1297 1430 una

341 1495 445 1577 parte
459 1478 678 1574 corporicin
692 1476 823 1562 aliam,
841 1501 934 1574 saepe
951 1475 1062 1573 louge
1088 1477 1268 1550 dissitam
1282 1507 1296 1568 ;

340 1597 398 1670 vel
412 1601 522 1669 etiam
533 1621 577 1668 ex
588 1596 748 1667 humore
762 1595 1006 1692 heterogeneo
1018 1599 1059 1672 in
1068 1621 1187 1670 massa
1204 1623 1293 1670 san·

338 1720 466 1816 guinis
476 1730 648 1814 generato
659 1715 746 1786 etatl
753 1729 895 1812 partem
906 1711 1076 1811 deposito
1084 1717 1289 1790 oriuntur.

336 1829 574 1932 Quandoque
587 1835 696 1904 etiam
708 1859 752 1904 ex
769 1833 1067 1905 inflammatione
1078 1835 1289 1910 vehemen-

337 1959 431 2028 tiore
439 1958 478 2026 in
491 1969 594 2051 parte
602 1977 793 2052 praegressa
807 1951 920 2026 febris
930 1953 1088 2024 aooedit:
1098 1957 1143 2024 In
1158 1958 1288 2052 priori

337 2072 558 2148 casotehnis
569 2072 726 2144 morbus.
735 2072 937 2170 primarius
953 2087 1033 2162 est3
1052 2075 1092 2143 in
1109 2075 1286 2148 secundo

335 2209 380 2268 ut
419 2193 573 2264 morbus
596 2192 837 2264 secundarius
871 2217 937 2264 seu
962 2198 1283 2294 symptomatieus

334 2313 700 2386 concideraridelret.

332 2425 574 2530 ‹¹·Phlogoses
586 2433 745 2505 externe
752 2447 925 2530 praeterea
936 2459 1031 2532 sape
1041 2459 1129 2506 cum
1143 2436 1277 2510 sabur-

333 2575 372 2624 ra
392 2553 545 2650 gastrica
559 2551 843 2649 complicantur,
861 2577 945 2649 quae
960 2553 1147 2650 originem
1161 2581 1273 2628 suam

332 2695 378 2742 ex
395 2674 494 2742 vitiis
516 2667 648 2760 ditatae,
674 2671 866 2758 ebrietate,
898 2671 1081 2769 ingluvie,
1114 2677 1273 2773 ingestis

331 2791 457 2863 crudis
474 2789 813 2889 indigestibilibus3
840 2807 907 2864 aut
926 2819 969 2864 ex
990 2792 1090 2882 bile,
1115 2803 1270 2894 quanti-

331 2928 404 2984 tate
421 2912 479 2984 vel
493 2910 669 3010 qualitate
686 2930 880 3009 peccante3
909 2913 1139 3013 quandoque
1153 2921 1269 2992 etiam

328 3029 818 3130 exanimipatlrematibus,
847 3035 1002 3123 timore,
1034 3051 1176 3108 terrore
1207 3057 1268 3113 etc

327 3152 450 3240 ducit,
464 3175 546 3250 quae
558 3153 684 3224 omnia
696 3156 941 3226 attentionem
956 3155 1091 3228 medici
1101 3159 1265 3254 peculia-

327 3293 404 3340 rem
426 3273 635 3368 requirunt.
654 3275 834 3346 Caeterum
854 3271 892 3346 in
911 3299 1065 3374 genere,
1082 3303 1160 3375 quo
1174 3282 1261 3352 irri-

325 3405 623 3470 tamentum-ceu
643 3394 821 3466 stimulus
834 3396 974 3492 major,
1000 3413 1066 3468 aut
1082 3423 1160 3495 quo
1174 3425 1263 3497 pam

323 3507 450 3580 allecta
482 3511 698 3584 irritabilior
723 3531 788 3586 aut
818 3515 1051 3608 sensibilior,
1086 3541 1131 3590 eo
1147 3520 1256 3592 velro-

323 3629 494 3708 mentior
506 3645 560 3702 est
578 3629 832 3705 inflammatio.
