2886 4858
286 455 871 532 o.1.nrsnrnnrnn1u.
975 393 1084 560 2991

107 593 166 668 vel
179 591 360 668 fibrarum
375 595 592 692 matricium
609 597 761 700 pupillae
772 599 1061 676 oriundavida

113 721 363 806 Amaurosis,
380 713 535 816 ejusque
547 716 764 819 Subspecies
778 733 814 794 ct
827 721 1029 796 varietates.

143 901 206 996 Sp.
226 923 260 968 a.
284 869 501 971 Aunnrorra'
517 901 557 975 V
556 904 650 975 itrei.

152 1076 186 1145 Δ
208 1075 302 1146 vitio
320 1085 387 1145 aut
404 1075 585 1173 opacitate
605 1077 773 1175 corporis
793 1077 905 1150 vitrei
927 1079 1041 1154 oculi.

107 1193 198 1270 vide
215 1197 434 1272 Glaucoma.

152 1377 214 1475 Sp.
238 1373 276 1450 3.
301 1373 520 1452 anama
537 1374 677 1448 Lentia.
790 1335 793 1342 Ι

150 1517 207 1586 Ex
223 1513 315 1588 vitio
322 1527 389 1588 aut
403 1511 583 1612 opacitate
597 1511 708 1588 lentis
722 1514 941 1613 incipiente.
948 1513 1038 1588 Vide

108 1635 318 1710 Cataracta.

156 1833 219 1928 Sp.
236 1832 270 1916 4.
287 1829 497 1904 tunnam
514 1829 700 1904 Humoria
721 1833 843 1928 aquei.
1015 1823 1019 1832 ’

160 2031 189 2101 Α
227 2024 400 2118 defectu,
435 2025 676 2126 spissitudine
713 2042 779 2099 aut
818 2024 1042 2099 obscuritate

103 2146 274 2222 humoris
290 2147 423 2247 aquei,
437 2171 481 2218 ex
496 2147 700 2246 sanguine,
717 2143 809 2218 lacte
823 2202 834 2237 ,
849 2172 944 2250 pure
969 2161 1039 2220 etc.

104 2267 142 2340 in
159 2289 339 2340 cameram
357 2265 458 2339 oculi
471 2267 697 2339 anteriorem
713 2262 850 2338 effusis.

130 2471 211 2568 ,Sp
239 2465 276 2544 b·
301 2469 512 2540 lunnrcrra
531 2469 710 2568 cornea„

148 2645 207 2714 Ex
226 2640 395 2732 macula,
414 2639 613 2740 albugine,
632 2642 824 2732 cicatrice,
843 2638 1035 2740 hyperaar·

102 2763 177 2837 cosi
189 2819 200 2860 ,
212 2762 382 2862 pustula,
396 2759 614 2854 ulcuscula,
628 2761 942 2852 inflammatione,
957 2784 1037 2834 cor·

101 2907 208 2956 neam
220 2896 512 2984 transparentem
524 2908 594 2982 pro
608 2900 712 2982 parte
725 2882 961 2976 obscurante,
970 2867 1038 2958 aut

101 3003 213 3074 etiarn
227 3025 248 3072 a
264 3001 540 3100 corrugatione,
555 2999 615 3074 rel
627 3026 648 3072 a
661 3001 947 3101 protuberantia
959 3025 1041 3073 cor·
1127 3013 1134 3020 ‘

100 3143 175 3194 neae
185 3117 359 3193 abnormi
368 3117 721 3220 aeustapbylomate.
731 3119 811 3219 (Gr.
823 3125 1033 3219 Σταφύλωμα).
1184 3191 1189 3205 ,

147 3325 208 3422 Sp.
225 3321 260 3394 6.
291 3270 496 3396 Aunnrcru
523 3322 651 3396 Bulbi.
779 3401 784 3408 ,

154 3507 185 3576 t
199 3502 301 3576 vitiis
317 3499 436 3574 bulbi.

152 3687 214 3784 Sp.
233 3711 266 3784 7.
292 3685 502 3758 Aunnrcrra
523 3683 808 3782 Pulcebrarum.

132 3829 284 3930 'avido
301 3843 564 3946 palpebrarum
582 3843 752 3922 oriunda.
