2782 4860
377 389 448 466 312
548 386 1140 461 cL.v.Mon131TOP101.

429 573 460 624 1.
489 547 522 620 A
538 549 731 621 cerumine
750 545 996 620 accumulato.

427 696 462 742 a.
487 671 518 741 A
534 648 725 741 oeruniine
742 680 926 739 concreto.

426 786 463 860 3.
489 786 547 859 Ab
562 801 809 886 apostemate,
828 809 948 884 pure,
973 783 1110 856 icbore.

429 913 464 994 4.
491 911 520 980 A
542 905 701 1006 polypo,
725 887 921 1003 phymate‘,
941 901 1059 1002 lungo
1081 917 1150 975 etc.

430 1021 464 1096 5.
490 1027 520 1096 A
541 1021 761 1122 corporibus
785 1024 967 1094 extraneis
991 1020 1154 1119 illapsis,
1178 1022 1299 1093 autin·
1367 1109 1368 1120 2

489 1144 624 1230 trusis,
646 1141 742 1214 vela
765 1141 955 1216 vermibus
976 1156 1044 1213 aut
1060 1123 1209 1214 insectis
1228 1142 1309 1212 irre

491 1260 681 1360 pentibus.
968 1245 977 1258 ’

383 1469 408 1523 ε,
434 1436 492 1511 Ab
507 1438 700 1550 ariditate,
723 1452 789 1512 aut
811 1437 959 1514 delectu
979 1443 1194 1516 secretionis
1213 1463 1309 1512 cern·

435 1583 561 1632 minn.

385 1803 421 1850 a.
445 1779 488 1856 A
512 1780 612 1855 vitiis
634 1781 804 1876 tympani
821 1780 951 1875 atejus
963 1781 1217 1856 ossiculorum.

437 1997 595 2072 ΗΜΛ
607 2021 633 2070 r
655 2023 731 2095 pro
756 2023 874 2070 causa
895 2013 1060 2072 remota.-

383 2245 414 2285 α.
439 2211 630 2286 Alasione
669 2211 727 2282 vel
754 2227 913 2311 ruptura
939 2218 1112 2317 tympani
1143 2234 1211 2293 aut
1232 2223 1309 2294 ossi·

439 2330 612 2405 culorum
635 2327 799 2426 ejusdem
818 2359 827 2402 :
848 2357 892 2404 ex
910 2337 999 2408 nisu
1018 2335 1205 2431 violento,
1223 2355 1309 2412 ster-

435 2451 655 2540 nutatione,
680 2451 847 2542 vomitn,
869 2471 995 2554 partu.

383 2575 416 2666 β.
441 2575 470 2646 A
490 2569 700 2660 luxatione,
722 2571 839 2662 carie,
862 2579 1122 2670 concretione,
1148 2577 1309 2650 immobi·

427 2695 544 2785 litate,
572 2694 817 2770 dissolutione
842 2713 910 2771 aut
938 2699 1112 2775 absentia
1144 2701 1311 2777 ossiculo·

432 2838 519 2888 rum
547 2815 733 2914 tympani.

382 2969 412 3036 y.
438 2933 746 3008 Amusenlorum
766 2935 1011 3012 ossiculorum
1030 2945 1132 3014 auris
1147 2941 1368 3043 paralysi
1367 2999 1368 3004 ,

333 3055 348 3086 '
383 3061 410 3132 cl.
435 3061 465 3129 A
490 3055 713 3132 membranae
731 3059 902 3156 tympani
920 3059 1163 3156 relaxatione,
1193 3059 1368 3163 rigidi·
1367 3017 1368 3132 l

434 3191 525 3268 tate,
547 3174 768 3264 callositate,
795 3180 1027 3253 ossescentia.

382 3327 407 3368 e.
433 3297 496 3373 Ab
513 3298 638 3370 eadem
652 3295 824 3370 sordibus
839 3297 994 3372 obsessa.

380 3425 411 3497 ζ.
437 3415 493 3486 Ab
508 3419 749 3490 excrescentia
770 3441 921 3490 carnosa
942 3420 1119 3516 ejusdem.

380 3565 399 3618 η
423 3539 453 3606 A
470 3553 645 3636 ruptura,
661 3551 727 3610 aut
742 3539 910 3610 erosione
926 3540 1101 3636 ejusdem.

382 3748 414 3823 3.
438 3755 481 3842 A
500 3757 602 3830 vitiis
627 3759 732 3832 auris
754 3759 918 3832 internae.
