2784 4856
370 386 438 470 124
455 383 521 456 CL.
539 382 598 452 lv.
616 377 856 451 CACHEXIAE
871 379 928 449 ET
941 373 1213 450 CACOCHYM.

367 516 556 622 flatibus,
572 517 618 603 id
634 530 716 620 est,
744 546 795 600 ex
811 525 907 600 ae're
923 513 993 598 vel
1009 543 1109 626 gaze
1122 511 1314 598 elns'tico

367 651 415 734 in
440 647 682 736 ventriculo
704 661 777 731 ant
800 647 1007 731 intestinis
1028 661 1245 759 generato
1268 663 1316 730 et
1335 630 1341 643 ’

328 881 334 890 ,
367 785 569 869 extricato
592 777 883 882 transitorius,
920 777 1176 894 plerumque
1196 808 1315 863 cnm

368 911 692 1025 borborygmis,
731 925 772 995 et
801 907 1024 1024 frequente
1043 941 1200 995 eornm
1224 937 1316 1024 per

374 1074 420 1128 os
441 1061 514 1130 ant
532 1073 661 1127 annm
678 1043 926 1153 rejectione,
952 1042 1183 1150 anxietate,
1212 1069 1315 1154 gas·

374 1162 566 1288 tesalgia,
596 1173 844 1286 enteralgia,
884 1173 1108 1288 dyspnoea.

368 1353 451 1424 Su.
478 1343 708 1419 Flatulentia.
731 1347 845 1422 Auos.

418 1509 471 1583 A.
503 1502 729 1600 Flatnlency.

420 1627 468 1697 G.
499 1621 718 1696 Flatulence.

423 1743 490 1818 Ge.
506 1739 721 1840 Blthnngen
734 1767 745 1831 3
756 1737 1125 1816 windbeschwerden.

420 1903 482 1996 Sp.
514 1927 543 1970 1.
570 1898 822 1970 Pneumatosis
841 1899 882 1974 V
878 1903 1058 1976 emneuli·

372 2057 453 2124 Sttt.
478 2059 684 2146 Πνιυμᾶτωσις
698 2061 820 2151 yae-pit·
833 2057 955 2152 Hipp.

482 2167 703 2244 Flatulentia
724 2169 931 2248 ventriculi.
949 2174 1063 2249 Aust.

421 2347 568 2422 lnssatio
585 2363 621 2422 et
638 2365 764 2422 tumor
778 2348 999 2441 ventriculi,
1022 2373 1107 2422 cum
1137 2367 1309 2454 sympto-

374 2467 535 2542 matibus
551 2467 751 2568 dyspepsiae
772 2469 907 2560 variis,
928 2468 1162 2571 gasteralgia‚
1184 2491 1225 2546 et
1242 2501 1307 2548 ru·

374 2587 495 2662 ctibus
509 2588 678 2698 insipidis
696 2643 707 2678 ,
722 2589 780 2661 vel
795 2588 931 2681 acidis,
958 2590 1164 2683 nidorosis,
1180 2597 1304 2692 putn'·
1347 2633 1350 2640 ·

376 2705 432 2779 dis
454 2719 522 2778 etc.

405 2866 622 2948 ‘Vsum
636 2890 705 2963 pm
728 2891 844 2940 causa
865 2882 1026 2944 remota.-

375 3057 406 3098 ι.
432 3027 462 3096 A
479 3020 665 3096 debilitate
683 3024 891 3098 ventriculi.

374 3149 406 3235 β.
434 3141 973 3242 Avitiosalivae,succigastriei
988 3149 1045 3222 vel
1057 3153 1305 3250 pancneatich

425 3277 490 3334 ant
506 3261 602 3336 bilis.
634 3321 637 3331 .
715 3355 722 3368 ¹
1148 3323 1152 3330 ·

375 3411 405 3476 y.
431 3382 489 3453 Ab
518 3385 665 3480 ingestis
687 3383 912 3477 ssatulentis,
940 3387 1072 3482 acidis,
1096 3388 1302 3466 difficulter

428 3499 707 3600 digestibilibus.

380 3622 408 3692 δ.
428 3618 486 3692 Ab
502 3618 677 3718 ingluvie.

376 3771 406 3814 ι.
430 3735 617 3815 sdetectu
633 3739 815 3836 exemisti,
829 3745 902 3818 vits
918 3729 1032 3820 otiosa
1043 3800 1056 3838 ,
1067 3745 1285 3824 sedentnris.
