2686 4850
2 478 10 530 r
241 321 316 465 ¹o,
348 349 393 460 it.
425 381 731 459 anronrurn.
891 383 959 484 745

33 559 70 622 μ.
96 525 126 598 A
151 528 300 600 cervicis
317 527 466 602 semoris
481 525 657 601 brevitate
682 523 854 598 abnormi
874 549 961 596 con·

1 683 10 728 r
89 663 184 722 nata,
780 667 783 674 ’

35 793 70 842 v..
91 767 119 834 A
143 764 308 854 laesione,
330 779 396 836 aut
420 763 579 836 fractura
601 762 690 834 ossio
708 758 878 850 femoris,
903 761 962 834 vol

92 882 176 955 colli
196 881 356 956 semoris.
829 891 835 897 '

36 1003 64 1084 ξ.
91 1007 121 1073 A
145 1000 302 1074 fractura
325 999 413 1104 colli
432 1000 599 1092 femoris,
621 1017 688 1074 aut
703 1001 793 1074 ossis
814 999 962 1076 semoris

88 1121 182 1193 male
198 1137 334 1195 curata.

35 1272 65 1313 ο.
91 1239 146 1312 Ab
159 1243 325 1314 erosione
339 1240 548 1346 superficiei
563 1239 802 1339 cartilaginea
814 1231 919 1312 coxa.

34 1389 70 1433 π.
96 1361 127 1429 A
142 1360 322 1432 metastasi
336 1358 478 1449 febrili,
493 1358 690 1446 variolosa3
707 1372 772 1430 aut
784 1381 804 1430 a
818 1356 962 1429 diadexi

87 1475 199 1550 lactea
215 1533 225 1569 ,
249 1478 443 1576 podagrica
459 1493 525 1548 etc.
545 1479 585 1548 in
603 1499 740 1548 coxam.

35 1625 65 1698 ρ.
95 1599 123 1668 A
147 1597 271 1687 rheni,
294 1613 359 1670 aut
375 1599 566 1685 crosionc,
594 1595 875 1688 dilaceratione,
904 1598 962 1670 vel

1 1773 6 1816 ἶ
88 1717 338 1792 destructione
349 1715 570 1788 membrana
585 1716 867 1813 capsularis‚vel
879 1717 965 1816 liga·

89 1839 208 1910 menti
228 1837 350 1908 teretis
363 1837 402 1906 in
417 1859 516 1909 coxa.

37 1991 69 2034 σ.
96 1957 154 2030 Ab
168 1981 263 2056 aqua
281 1971 346 2028 aut
359 1980 453 2055 pure
467 1957 507 2026 in
523 1953 712 2028 acetabulo
727 1953 889 2028 collecto.
959 2009 964 2024 .

2 2136 8 2184 ξ
39 2109 67 2152 τ.
95 2072 963 2174 Abaccumulationesynoviaeinarticulo.Hipp.

40 2273 102 2341 111.
131 2273 171 2342 ln
195 2293 299 2342 orno.

39 2480 69 2520 v.
96 2447 398 2523 Arnusculorum
428 2445 577 2522 femoris
597 2446 715 2534 vitiis,
755 2444 963 2536 debilitate,

2 2625 8 2672 .,
90 2569 258 2668 paralysi.

41 2717 73 2784 φ.
100 2693 128 2758 A
143 2711 312 2784 gononoo
329 2687 440 2758 vario.
455 2683 547 2757 Vide
566 2689 769 2760 Gononcur.

1 2875 7 2915 ὃ
42 2837 75 2898 χ.
101 2809 129 2875 Α
144 2803 442 2874 concretionibus
456 2803 583 2892 duris,
600 2803 712 2900 vulgo
725 2801 890 2876 ossiculis
904 2802 965 2874 iu·

95 2936 151 2992 ter
166 2935 232 2993 aut
249 2920 623 2992 extra-articularibus
641 2919 757 2990 dictis.

41 3049 75 3138 ψ.
102 3039 309 3132 Alaesione,
332 3039 646 3131 inflammatione,
672 3039 877 3128 debilitate,
901 3053 965 3110 aut

2 3228 6 3271 Ι
94 3176 325 3236 contractura
343 3161 610 3234 musculorum.

2 3352 5 3390 Ι
42 3317 80 3358 o.
107 3287 137 3356 A
152 3283 340 3381 symphysi
355 3283 490 3354 ossium
504 3305 615 3380 genu.

41 3437 93 3479 aa.
119 3409 144 3478 A
166 3403 322 3475 fractura
337 3401 476 3500 patellae
488 3416 553 3474 aut
569 3399 675 3472 tibiae.

40 3526 96 3614 ββ.
119 3522 412 3611 Acontusione,
442 3519 595 3594 vulnere
621 3574 631 3610 ‚
675 3532 742 3589 aut
765 3515 964 3592 exarthorsi

2 3715 3 3728 χ
117 3663 229 3736 genu.
1004 3619 1013 3644 ’

41 3791 91 3859 ῃ.
117 3763 148 3831 A
164 3761 281 3860 capite
301 3759 397 3834 tibia·
413 3761 595 3861 superiori
612 3757 807 3832 destructo.
