2808 4862
395 373 443 445 26
492 375 559 444 CL.
577 373 637 441 tv.
656 363 900 438 ctfflttxbn
913 369 973 438 ΕΤ
989 367 1256 445 ctcocnttt.

443 560 505 672 Sp.
536 595 565 642 1.
590 563 759 640 Plethora
781 569 835 638 od
853 569 997 641 molem.

446 729 651 828 Sanguinis
673 723 790 800 moles
814 727 935 824 reipsa
956 727 1008 800 ita
1034 725 1264 818 exuberans,
1289 745 1331 802 ut

395 848 539 921 viribus
555 869 725 918 vasorum
743 845 1022 915 continentium
1041 845 1188 940 major,
1223 849 1262 919 in
1276 871 1331 918 ro-

394 969 514 1042 bustis
526 955 782 1045 lassitudinem
795 980 1038 1063 spontaneam
1054 1018 1064 1055 ‚
1077 979 1269 1066 torporem
1286 967 1330 1038 ad

393 1102 536 1175 motus,
558 1110 738 1158 sensuum
753 1086 968 1183 gravitatem
983 1109 1025 1157 ac
1039 1089 1328 1184 propensitatem

394 1205 441 1280 ad
455 1231 633 1280 somnum
649 1217 881 1278 constantem
896 1205 1069 1294 induem
1089 1207 1129 1277 in
1144 1205 1333 1280 debilibus

395 1325 1249 1426 congestione,eruptione,autrbexivasorum
1259 1352 1333 1424 gra·
1401 1419 1402 1428 ἵ

395 1464 468 1524 vet.
494 1447 808 1545 Temperamentis
839 1442 1019 1517 mollioris
1055 1443 1208 1517 babitus
1245 1448 1333 1518 inci·
1401 1443 1402 1454 ’

395 1569 509 1658 dens,
522 1594 566 1640 ex
580 1567 762 1665 sanguine
779 1562 950 1662 undique
961 1559 1135 1662 perfuso,
1155 1563 1335 1638 ruborem

395 1703 434 1760 et
456 1701 645 1786 turgorem
670 1687 787 1758 totius
818 1685 985 1783 corporis
1010 1681 1223 1782 superficiei
1250 1709 1334 1758 oau-

394 1823 450 1880 sat
476 1836 484 1878 :
507 1813 552 1880 In
577 1803 826 1879 strictioribus
838 1819 970 1876 oontra
985 1802 1223 1901 corporibus,
1240 1806 1336 1876 vasis

394 1925 601 2023 majoribus
616 1927 732 2024 magis
755 1925 944 2012 distentis,
965 1948 1066 1994 venae
1092 1949 1168 2022 prae
1189 1927 1336 1996 arteriis

395 2045 553 2118 laxiores
563 2044 661 2116 ultra
671 2043 829 2118 modum
843 2057 1073 2131 tumescunt,
1087 2041 1190 2113 unde
1202 2039 1336 2140 pulsus

395 2166 550 2268 plenus,
568 2188 811 2266 suppressus,
836 2181 874 2240 et
890 2189 993 2238 venoe
1005 2163 1136 2263 ample
1149 2165 1191 2235 in
1207 2185 1336 2263 snper

397 2287 483 2362 fiete
496 2290 663 2387 eorporis
679 2303 832 2388 turgent
850 2315 859 2359 :
875 2287 921 2358 ln
937 2283 1177 2358 nnsibssibns
1190 2300 1230 2356 et
1251 2287 1335 2356 irri-

396 2405 576 2479 tabilibus
599 2431 644 2478 ex
669 2406 815 2479 stimuli
840 2404 1025 2506 molestia,
1049 2417 1174 2478 motus
1193 2402 1335 2476 inordi-

398 2528 499 2616 mu,
524 2525 795 2625 byperkinesin.

398 2695 481 2762 Srtt.
500 2685 669 2762 Plethom
687 2683 734 2759 ad
752 2705 834 2757 vasa
856 2686 1041 2760 Veterum.

498 2843 672 2864 --·-·-*
692 2805 740 2880 ad
763 2805 947 2878 habitum.

499 2973 672 2989 ----
695 2947 781 2998 rem
796 2953 824 2998 s.
839 2922 1018 2997 absoluta.
1095 2927 1209 3000 Aust.

498 3093 672 3110 --
696 3044 743 3117 ad
757 3069 878 3119 venas.

455 3229 732 3324 Varturpm
752 3235 1054 3302 mmmmm:

401 3423 432 3464 α.
459 3393 490 3460 A
505 3387 596 3458 vitio
611 3385 854 3458 baereditario.
970 3425 974 3432 ·

399 3513 435 3602 β.
462 3505 522 3580 ab
534 3504 755 3578 educatione
769 3503 892 3594 molli,
912 3501 1150 3581 effoeminati.

402 3659 432 3726 y.
464 3625 591 3697 Avitae
603 3649 735 3722 genere
750 3625 926 3712 lautiore,
943 3627 1079 3712 otioso,
1096 3647 1247 3718 secum,
1259 3653 1335 3726 quo

453 3743 605 3830 robusta
619 3747 754 3820 viscera
769 3745 857 3846 plus
874 3747 976 3837 chyli
989 3759 1027 3818 et
1042 3739 1134 3819 boni
1145 3749 1337 3846 sanguinis
