2808 4862
278 445 322 514 Ο.
346 443 373 511 I.
400 435 735 509 DYSCHYMIAE.
928 463 974 536 27

94 594 294 677 generant,
320 603 434 677 quarn
453 579 612 649 nutritio
631 591 669 650 et
682 578 901 649 secretiores
913 599 975 648 ne-

94 698 254 770 cessariae
267 694 470 795 postulant.
934 711 936 716 “

49 815 74 882 δ.
99 815 156 888 Ab
168 815 474 888 evacuationibus
487 817 681 914 sanguinis
693 817 879 888 consuetis
891 837 976 914 sup-

97 941 230 1034 pressis
250 953 314 1010 aut
331 938 560 1015 intermissis.

52 1087 75 1128 ι.
112 1057 170 1132 Ab
182 1059 364 1131 exercitiis
376 1057 544 1157 corporis
557 1057 745 1130 consuetis
757 1055 942 1155 neglectis.

51 1242 109 1332 Sp.
135 1265 170 1310 a.
197 1237 367 1340 Plethora
384 1243 438 1314 od
452 1244 626 1338 epatium.

102 1421 153 1488 Ex
181 1417 380 1487 imminuta
407 1417 611 1506 systematis
630 1414 855 1486 circutatorii
873 1439 975 1512 capa·
1087 1399 1093 1416 ’

54 1537 156 1608 citate
170 1553 270 1626 orta,
287 1538 493 1634 quantitate
512 1538 704 1633 sanguinis
724 1535 824 1607 haud
837 1537 976 1634 pariter

57 1657 271 1743 imminuta;
297 1657 505 1743 nimirum,
528 1655 595 1728 ubi
620 1659 852 1756 sanguisnec
875 1655 972 1730 mole

55 1797 119 1844 nec
131 1773 320 1847 volumine
332 1789 442 1847 aucto
456 1785 604 1874 peccat,
620 1775 685 1846 sed
696 1775 883 1873 spatium,
900 1794 976 1871 quo

55 1894 232 1964 contineri
245 1892 375 1983 debet,
396 1892 642 1965 contrahitur.
742 1930 745 1938 v

58 2034 131 2100 Srr.
147 2030 314 2104 Plethora
333 2035 544 2132 respectiva.
559 2034 669 2107 Aac.
695 2111 697 2114 ,

108 2193 147 2262 V
144 2218 292 2267 Aram·
315 2221 384 2292 pro
410 2221 527 2268 causa
552 2209 718 2268 remota:

62 2361 88 2399 o.
112 2333 244 2406 Avasis
262 2337 422 2406 nimium
436 2336 644 2409 constrictis
659 2361 667 2405 :
684 2359 728 2406 ex
742 2348 898 2426 terrore,
911 2346 978 2404 aut

107 2448 234 2551 frigore
248 2479 382 2552 magno
394 2470 430 2528 et
443 2454 591 2546 suhito;
614 2481 658 2528 ex
671 2479 816 2528 accessu
832 2451 977 2540 febrili3

109 2574 288 2670 aspasmis
301 2606 313 2660 t
338 2598 359 2644 a
382 2571 585 2674 rigiditate,
609 2575 873 2667 exsiccatione,
900 2585 978 2665 ste7

111 2691 207 2780 nosi,
238 2706 304 2764 aut
321 2694 554 2766 concretione
571 2716 775 2790 vasorum„
829 2783 831 2788 ι

69 2808 94 2888 β.
118 2811 144 2876 Δ
159 2809 399 2882 mutilatione.

112 2963 168 3059 Sp.
194 2963 227 3038 3.
253 2965 420 3040 Plethora
440 2972 493 3043 ad
512 2973 693 3046 volumen.
750 3005 753 3014 ⁴

116 3119 276 3194 Plethora
294 3149 337 3196 ex
364 3127 555 3228 sanguinis
584 3121 825 3200 rarefactione
849 3121 984 3210 transi·

74 3237 151 3308 toria
168 3255 255 3310 orta.

77 3377 142 3448 Snt.
155 3377 319 3452 Pletbora
342 3406 548 3482 apparens,
568 3411 599 3456 a.
621 3385 759 3482 spuria.
779 3381 893 3458 Auct.

123 3535 303 3612 Vnam
321 3567 526 3637 procoma
544 3553 710 3616 remotae
741 3560 746 3590 ¹

79 3715 102 3751 α.
128 3687 285 3763 terioris
307 3719 450 3769 excessu
478 3725 487 3767 ε
513 3721 557 3769 ex
577 3701 677 3784 aere,
701 3691 807 3778 foco,
826 3686 989 3777 balneo,

120 3803 217 3898 cibis,
237 3811 406 3906 potibus,
428 3815 730 3900 medicamentis,
747 3807 915 3882 venenis.
