2810 4860
361 377 404 467 o.
428 391 499 468 vr.
527 387 814 466 natoosas.
986 399 1055 498 189

166 568 221 646 N.
237 575 286 646 B.
304 575 347 642 ln
364 593 498 668 genere
513 572 675 668 practico
691 569 897 643 cavendum
911 585 984 660 est,
1008 599 1058 646 ne

112 707 359 779 steatomata,
375 705 441 763 aut
455 686 682 763 atheromata
698 692 921 783 exulcerata,
941 692 1058 768 aliave

114 810 246 882 uloera
276 808 534 908 phagedaenica
562 808 755 906 maligna,
797 812 983 909 praecipue
1015 813 1059 885 in

117 932 297 1002 mammis
314 943 417 1017 nata,
449 942 514 1000 aut
535 943 699 1001 tumores
715 929 976 1027 glandularum
995 957 1058 1032 pa-

105 1047 290 1121 -rotidum
301 1104 312 1138 ,
334 1045 657 1146 sublingualium‚
678 1046 912 1120 tonsillarum
940 1050 1059 1122 calcu·

120 1168 244 1256 lotos,
270 1167 329 1239 vel
349 1181 512 1239 tumores
535 1163 796 1264 glandularum
818 1192 989 1240 mammae
1016 1192 1062 1242 ex
1126 1145 1128 1152 ,
1153 1187 1158 1200 '

120 1289 218 1362 laete
231 1303 351 1379 ortos,
371 1287 506 1360 aliosve
522 1285 783 1386 glandularum
806 1303 872 1360 aut
888 1291 986 1360 uteri
1003 1303 1061 1361 tu-

122 1433 250 1482 mores
271 1407 498 1480 exulceratos
522 1409 641 1509 varios
668 1433 690 1480 a
716 1409 809 1482 vitio
833 1405 1062 1500 scrofuloso,

122 1525 364 1624 syphilitico‚
393 1525 602 1600 scorbutico
627 1541 694 1600 etc.
719 1541 847 1619 natos,
877 1551 963 1602 cum
987 1551 1063 1600 can

123 1645 318 1720 kinomate
338 1643 556 1721 confundat.
579 1647 671 1721 Inde
696 1662 751 1721 tot
775 1671 917 1724 errores
944 1665 981 1720 et
1003 1649 1064 1722 de·

125 1769 320 1866 captiones
345 1769 583 1840 curationum
611 1781 677 1839 aut
703 1769 965 1866 operationum
988 1765 1066 1837 leli-

124 1890 259 1976 eium,
287 1888 377 1960 dum
395 1911 521 1960 revera
542 1885 693 1960 nullum
719 1885 957 1976 carkinoma',
979 1911 1068 1984 pro-

53 2032 63 2049 ·
125 2007 807 2110 priesicdictum‚unquamcuratum
823 2001 1065 2094 fuissecredo.

127 2127 390 2202 Carkinomata
403 2151 487 2200 vera
502 2151 585 2226 quae
598 2126 698 2217 ridi,
728 2127 795 2198 etsi
813 2149 959 2197 summa
978 2149 1067 2198 cura

129 2261 172 2320 et
192 2245 381 2318 habilitate
399 2245 565 2344 chirurgi
587 2246 730 2334 excisa,
766 2242 880 2342 paulo
909 2225 1005 2341 post*
1027 2245 1068 2314 in

131 2366 266 2440 eadem
285 2381 389 2466 parte
404 2365 650 2466 repullulare,
676 2363 735 2437 vel
751 2362 941 2436 skirrhum
960 2365 1000 2436 in
1017 2364 1071 2436 ri·
1130 2371 1132 2379 ⁴

132 2489 221 2562 eina
234 2483 409 2587 glandula
423 2501 554 2559 uatum
568 2487 642 2559 cito
660 2487 700 2556 in
716 2481 928 2556 oarlrinoma
944 2481 1069 2573 abire,

132 2625 203 2682 aut
215 2605 364 2682 morbos
376 2606 467 2678 alios
476 2603 628 2679 lethales
639 2603 736 2675 intra
748 2627 910 2702 paucum
921 2616 1071 2700 tempus
1151 2581 1154 2588 Ἰ

134 2743 222 2830 post
252 2729 503 2828 operationem
531 2737 717 2824 peractam
749 2724 935 2794 insecutos
959 2718 1072 2792 fuisse

135 2851 272 2948 saepius
285 2845 483 2919 observavi.
500 2843 593 2916 Vide
608 2840 708 2913 Guil.
723 2841 839 2914 Lens
857 2842 1073 2913 Tractatum

137 2972 327 3066 egregium
354 2967 400 3038 de
433 2960 709 3050 cartinomate,
746 2983 768 3031 a
796 2982 868 3030 soe.
901 2954 1073 3052 Chirurg.

137 3083 472 3158 Amstelodamensi
499 3093 731 3156 coronatum.
760 3078 1074 3178 (Pryeechriflan

145 3209 372 3305 Uitgegeven
388 3209 480 3279 door
504 3203 566 3282 Iret
583 3199 799 3274 Genoonch.
823 3213 879 3272 ter·
901 3197 1076 3271 bevorde-

140 3333 228 3425 ring
237 3329 305 3400 der
315 3325 548 3400 Heelkunde.
564 3321 804 3398 Amandum
810 3371 825 3410 ,
847 3338 951 3414 1791.

194 3489 240 3565 V
241 3511 402 3564 Aram
426 3489 542 3559 terte.-

144 3649 173 3718 1.
204 3648 427 3720 Gor-kinoma
447 3663 704 3715 mammarum.

192 3779 374 3858 Skirrhus
390 3801 560 3858 mamma
575 3775 816 3854 exuloeratua.
