2792 4852
367 409 454 525 '350
552 445 1115 522 CL.v.MOR131TOP101.

330 658 337 670 J
433 615 463 662 1.
489 600 515 660 A
542 586 680 658 stenosi
698 581 833 656 orificii
851 587 1028 682 praeputii
1048 599 1210 658 connata.

430 735 465 780 a.
493 706 548 779 Ab
566 701 710 777 orificio
731 701 896 799 ejusdem
920 719 1123 778 contracto.

430 825 466 898 3.
493 827 523 896 A
538 824 721 923 praeputio
738 821 853 893 nimis
870 845 991 893 crasso
1007 837 1075 894 aut
1093 821 1212 920 longo.

428 952 464 1035 A.
490 952 518 1017 A
533 944 769 1016 concretione
787 942 963 1039 praeputii
979 964 1069 1012 cum
1086 939 1221 1039 glande.

378 1143 407 1184 κ.
433 1119 461 1183 A
476 1109 569 1181 vitio
583 1105 761 1176 urethaae:

433 1297 463 1339 1.
489 1265 543 1340 Ab
558 1264 862 1336 inflammatione.

431 1415 464 1460 α.
490 1383 544 1457 Ab
560 1382 682 1455 ulcere
701 1381 962 1480 phagedaenico
977 1433 988 1470 ,
1004 1378 1186 1452 eacot'e'the.

431 1505 466 1578 3.
493 1514 519 1578 A
548 1500 694 1575 defectu
725 1503 886 1600 turgoris
922 1504 1090 1601 corporis
1130 1501 1295 1572 cavernosi

504 1623 674 1699 urethrae.

428 1752 464 1835 A.
490 1745 546 1818 Ab
578 1739 747 1832 orificio,
774 1765 840 1814 seu
868 1755 1042 1840 apertura
1065 1739 1222 1813 urethra
1238 1735 1294 1810 ab·

495 1888 642 1938 1n0rm1.

431 1985 463 2063 5.
489 1997 516 2059 A
533 1985 669 2056 stenosi
689 1976 859 2052 uoethrae.

381 2175 409 2243 λ.
437 2167 572 2242 Avitio
589 2157 848 2234 musculorum
868 2170 1104 2246 erectorum,
1128 2168 1194 2228 aut
1217 2173 1298 2224 αα»

505 2283 704 2356 lemtorum
723 2281 864 2352 urinae:

432 2420 468 2518 ι.
485 2443 538 2516 Ab
558 2465 689 2514 eorum
713 2439 872 2512 laesione.

433 2591 467 2636 a.
494 2569 521 2636 A
538 2558 724 2634 debilitate
742 2571 808 2629 aut
826 2551 998 2655 paralysi.

381 2760 414 2822 μ.
432 2729 460 2798 A
477 2722 623 2794 laesione
640 2717 765 2790 aliisve
784 2715 884 2787 vitiis
905 2709 1130 2783 membranae
1150 2707 1303 2792 fibrae,

520 2838 637 2913 colem
671 2831 954 2909 circumdantis.

385 3036 414 3076 ν.
439 3002 574 3078 Avitio
592 3011 761 3098 prostatae
785 3007 851 3066 aut
876 2985 1126 3064 vesicnlarum
1157 2983 1302 3060 semina·

521 3120 616 3192 lium
632 3145 640 3187 :

434 3308 467 3358 1.
494 3284 546 3352 Ex
561 3273 874 3362 inflammatione,
891 3279 1135 3367 apostemate,
1156 3263 1304 3342 skirrho,

428 3433 432 3442 ·
521 3395 687 3486 calculo,
704 3393 847 3466 ulcere.¹

436 3543 470 3590 a.
499 3511 963 3602 Exstenosi‚concreti0ne
973 3522 1039 3580 aut
1051 3506 1220 3580 erosione
1229 3501 1306 3574 duo·

523 3651 633 3708 tuum
650 3655 780 3706 eorum
796 3629 1096 3702 exemtoriorum.

440 3831 531 3908 Vide
546 3833 656 3905 etiam
670 3831 956 3930 Dyspermasia.
