2686 4850
226 431 274 502 o.
307 431 352 500 x.
386 424 679 500 Amonrnsn.
852 427 922 526 733

67 611 120 708 Sp·
142 607 171 685 b.
197 606 484 706 Hyperepidosis
499 608 700 680 Clitoridis.
757 669 761 676 .

66 763 257 864 Longitudo
274 777 341 836 aut
356 762 535 834 crassities
561 759 741 836 clitoridis
766 762 922 866 (κλειτορὶς

22 883 101 982 Gr.)
117 883 298 956 abnormis
312 909 322 972 ;
340 879 565 981 'plerumque
582 906 603 953 a
621 883 713 955 vitio
729 904 899 962 connato.

64 1047 120 1142 Sp.
144 1069 173 1142 7.
198 1044 484 1152 Hyperepidosis
500 1049 770 1146 Nympharum.

65 1203 306 1304 Nympharum
325 1205 542 1308 longitudo,
566 1207 744 1300 latitudo,
761 1209 819 1284 vel
835 1235 926 1286 cras·

19 1317 109 1398 sities
122 1325 319 1400 abnormis.

19 1573 58 1643 G.
84 1573 270 1645 ccccxfl.
316 1637 322 1644 .
361 1573 607 1645 MEIOSIS.

68 1691 98 1762 Δ
120 1691 177 1764 Gr.
202 1688 589 1780 Mainomdiminutm,
610 1692 831 1764 extenuatio.

72 1877 379 1998 Magnitudinis
394 1883 581 1996 partium
595 1883 790 1972 mollium
803 1901 933 1974 exter·

19 2045 169 2102 narum
202 2009 430 2101 diminutio
460 2013 698 2122 abnormis,
724 2016 933 2104 brevitate

19 2164 90 2233 ant
109 2145 311 2232 tenuitate
325 2147 604 2261 inconsueta3
625 2177 680 2237 ex
697 2147 804 2238 vitio
828 2175 934 2235 con-

19 2289 113 2362 nato
131 2274 203 2362 vel
218 2277 441 2392 acquisito.

67 2451 130 2548 Sp.
159 2473 193 2528 1.
219 2449 365 2523 Meiosis
385 2451 538 2550 capitis.

62 2611 126 2704 Sp.
155 2633 190 2680 a.
214 2607 361 2680 Meiosis
380 2607 498 2698 Oculi.

63 2761 128 2854 sp.
155 2757 189 2830 3.
214 2763 359 2834 Meiosis
381 2765 492 2836 ani.

64 2927 129 3017 Sp.
158 2927 194 3006 4.
219 2921 364 2992 Meiosis
382 2922 490 2995 cotti.

66 3083 132 3178 Sp.
164 3075 199 3150 5.
224 3079 370 3152 Meiosis
386 3083 682 3156 Extremitotum.
787 3159 791 3168 ,

62 3241 204 3309 Manus
217 3235 275 3308 vel
291 3235 394 3336 podis
406 3241 540 3328 unius,
553 3237 610 3311 vel
625 3239 820 3340 utriusque
832 3237 949 3316 brevi·

20 3381 95 3450 as,
111 3356 175 3430 vel
193 3357 354 3428 tenuitas
365 3355 571 3429 abnormis.

61 3521 133 3614 Sp.
163 3513 201 3588 6.
224 3517 368 3588 Meiosis
387 3519 568 3592 Mammoe
578 3571 592 3607 ,
621 3519 680 3592 ssi
692 3513 871 3614 Papillae.

58 3679 242 3746 Mammae
260 3675 373 3747 unios
390 3673 447 3747 vel
470 3675 690 3772 utriusque;
716 3671 784 3746 vel.
800 3673 951 3774 papilla·

21 3817 104 3870 um
122 3817 296 3868 mammae
310 3793 468 3872 brevitas
479 3807 545 3872 aut
557 3795 716 3870 tenuitas
727 3791 930 3866 abnormis.

124 3944 147 3988 2
744 3921 769 3986 Z
793 3941 813 3984 z
