2792 4852
374 371 444 455 408
545 371 620 439 CL.
648 372 685 437 V.
714 371 890 440 MORBI
915 373 1119 445 TOPlCl.

372 569 416 636 G.
447 567 592 636 ccclv.
693 565 972 636 DOTHIEN.

422 686 484 756 Gr.
509 690 634 772 Δοθιὴν,
651 682 892 754 Furunculus
923 688 1034 757 Celsi.

429 885 598 967 Tumor
616 884 660 964 in
678 883 794 966 corio
825 913 900 966 seu
929 901 1030 968 cute
1053 889 1244 1000 proprie
1275 891 1339 971 sie

376 1013 513 1115 dicta,
534 1014 855 1122 tuberculosus,
875 1017 1116 1122 rotundus,
1134 1021 1340 1104 circnm-

376 1145 583 1262 scriptus,
605 1149 765 1252 durus,
791 1147 1005 1262 profunde
1030 1152 1201 1258 ruber;
1234 1153 1342 1264 ple-

374 1311 580 1393 rumque,
614 1283 798 1365 maxime
818 1283 862 1364 in
877 1283 1127 1393 junioribus·
1157 1301 1242 1368 aut
1259 1285 1343 1368 de-

377 1415 585 1518 licatulis,
615 1447 783 1500 summe
815 1415 1064 1500 dolorificus
1098 1419 1182 1520 ,in
1214 1419 1342 1502 fasti-

376 1550 492 1662 gium
511 1547 643 1632 altum
669 1547 884 1650 elevatus,
916 1549 1037 1633 nucis
1073 1549 1342 1652 avellam,

375 1681 512 1764 rarius
522 1681 595 1762 ovi
606 1677 842 1763 columbini
857 1680 1178 1790 magnitudine,
1193 1685 1340 1768 modo

376 1814 487 1916 oit0,
514 1812 642 1896 modo
671 1811 784 1894 lente
812 1808 854 1893 et
882 1809 1118 1894 difficulter
1155 1845 1343 1929 suppu-

374 1930 485 2028 rans.
523 1947 749 2058 Apostema
802 1939 996 2052 pluribus
1044 1941 1341 2031 foraminuli³

379 2093 555 2190 ruptum
584 2078 724 2190 primo
766 2076 988 2159 materiem
1029 2077 1338 2188 puriformem

379 2208 517 2294 multo
531 2208 735 2317 sanguine
757 2199 933 2291 mixtam
952 2205 1123 2309 fundit,
1148 2213 1338 2304 nucleo.

378 2373 430 2424 ex
451 2340 568 2424 fibris
601 2337 740 2423 densis
770 2355 812 2423 et
840 2340 987 2423 crassis
1001 2406 1015 2442 ,
1051 2341 1336 2444 subalbidis,

377 2474 599 2559 subrubris
620 2489 866 2585 compact0,
885 2474 930 2556 in
958 2489 1107 2558 centro
1139 2481 1338 2562 tumoris

379 2623 647 2708 remanente,
666 2607 740 2718 qui
760 2606 803 2688 in
823 2633 902 2716 pus
925 2605 1038 2688 verti
1059 2625 1270 2712 recusat,
1297 2631 1338 2692 et

379 2738 570 2850 quaudiu
596 2739 653 2822 ibi
675 2735 806 2820 haerct
829 2735 1132 2820 formationem
1150 2737 1336 2822 cicatri-

379 2868 437 2950 cis
457 2868 654 2979 impedit3
671 2869 745 2954 sed
758 2869 910 2954 eodem
931 2883 1125 2980 separato
1142 2885 1223 2951 aut
1238 2887 1336 2954 arte

245 3014 252 3038 ⁸
378 2995 559 3102 educto,
586 2999 706 3082 ulcus
733 3001 986 3114 plerumque
1010 2997 1102 3105 ⁴cito
1127 3018 1331 3087 sanatur.

265 3238 272 3252 ἱ
382 3125 654 3242 Quandoque
680 3129 910 3216 furunculo
931 3161 1017 3215 uno
1046 3146 1198 3214 sanato
1220 3131 1333 3216 alius

369 3261 424 3344 ·in
445 3263 623 3367 vicinia,
644 3263 848 3348 veletiam
870 3263 1013 3376 plures
1032 3261 1104 3345 alii
1127 3265 1173 3347 iu
1194 3269 1335 3350 variis

383 3397 571 3506 corporis
591 3397 779 3509 partibus
796 3411 1002 3510 apparent
1018 3399 1083 3495 (*).

423 3651 470 3730 (*)
491 3654 551 3712 Ilio
575 3665 677 3715 tumor·
696 3656 845 3716 solitarius
867 3655 1069 3736 utplurimum
1089 3655 1220 3713 morbus
1252 3678 1331 3715 mere
1383 3645 1384 3648 ¹

382 3754 482 3818 localia
496 3763 558 3828 ειη
572 3755 623 3816 red
636 3758 660 3817 ri
672 3757 793 3837 majoris
806 3755 989 3830 voluminis,
1007 3755 1059 3814 vol
1072 3755 1095 3813 ri
1109 3765 1232 3833 partim
1245 3755 1326 3814 eald:
