2754 4858
392 435 462 512 566
498 481 499 485 =
554 437 631 508 CL.
662 435 706 505 V.
735 431 915 504 MORBI
952 432 1159 508 TOPICI.

384 578 436 663 lis
451 645 462 684 ‚
478 606 589 687 saepe
605 577 738 658 instar
751 573 942 686 spongiae
960 573 1108 657 mollis
1127 639 1145 676 ,
1172 573 1254 660 vel
1271 575 1338 662 du·

274 699 275 704 Ν
386 741 459 796 rus
480 709 671 794 elasticus
687 740 699 816 3
717 705 967 821 frequenter
992 737 1205 794 massam
1239 740 1337 792 cras-

388 874 476 928 sam
497 909 509 945 ,
533 873 636 928 vero
651 841 888 926 lardaoeam
900 909 913 950 ,
939 857 1013 924 aut
1031 841 1335 926 materiamd

388 971 659 1062 buminosam
675 989 916 1060 concretam
932 1041 947 1079 ,
976 973 1054 1058 .vel
1076 1007 1284 1066 massam
1300 1007 1336 1060 ex

388 1107 486 1221 pilis
506 1124 770 1210 contextam,
800 1107 1061 1222 quandoque
1092 1110 1247 1193 etiam
1274 1109 1338 1192 du·

340 1319 342 1324 ,
390 1271 480 1324 ram
503 1239 814 1352 cartilagineam
837 1240 1074 1324 continens.
1097 1241 1338 1354 Progressa

392 1399 502 1482 saepe
528 1371 572 1454 in
596 1371 812 1483 ingentem
835 1371 994 1455 molem
1024 1372 1293 1456 increscens
1309 1389 1337 1452 et

391 1519 627 1588 monstrose
656 1501 966 1618 protuberans,
1004 1503 1075 1587 vel
1101 1505 1255 1589 etiam
1277 1503 1338 1586 sub

394 1653 490 1722 cute
508 1637 588 1722 late
604 1651 828 1742 extensus,
846 1637 1031 1752 indeque
1045 1669 1244 1724 summe
1266 1671 1337 1723 mo

392 1768 547 1872 lestus,
577 1769 650 1854 sed
673 1769 746 1854 vix
764 1767 1039 1872 dolorificus3
1067 1771 1333 1884 quandoque

385 1899 589 2005 decolor,
615 1902 790 1988 odorem
815 1915 1115 2014 penetrantem
1137 1901 1335 1986 foetidum

397 2033 664 2144 diffundens3
695 2035 828 2120 rarius
847 2033 1146 2150 inphiogosin
1174 2051 1225 2120 et
1252 2063 1334 2146 apo

398 2185 555 2272 stema,
584 2169 657 2253 vel
675 2171 719 2252 in
744 2167 864 2254 ulcus
880 2167 981 2254 mali
1004 2169 1146 2252 moris
1168 2169 1332 2262 abiens,

398 2315 470 2380 aut
485 2297 674 2410 phthisin
690 2300 1108 2386 inducens.Morbus
1121 2333 1148 2387 a
1162 2303 1334 2415 degent*

398 2430 562 2512 ratione
581 2433 734 2516 tunioae
755 2432 985 2538 cellulosae,
1010 2431 1081 2518 vet
1099 2435 1160 2518 ab
1177 2435 1331 2519 aberra

398 2560 513 2643 tione
549 2562 818 2674 pinguedinis
854 2566 901 2650 in
927 2593 1199 2680 quacunque
1230 2581 1329 2680 parte

399 2692 588 2806 corporis
615 2709 814 2808 externa,
846 2699 923 2786 sed
948 2697 1171 2814 praecipue
1205 2698 1251 2784 in
1281 2723 1329 2777 er

397 2825 678 2912 tremitatibus
705 2846 854 2938 ortus3
889 2827 1157 2946 quandoque
1181 2831 1228 2916 in
1260 2855 1326 2910 nno

338 2994 340 3000 ·
399 2955 494 3042 loco
514 2973 794 3068 evanescens)
818 2964 862 3046 in
880 2965 962 3048 alio
981 2963 1074 3048 loco
1093 2987 1322 3078 apparens;

401 3079 628 3205 aliquando
667 3097 793 3180 etiam
830 3098 875 3180 in
917 3095 1202 3180 interioribus
1249 3121 1325 3178 cor·

400 3225 516 3334 poris
538 3211 724 3338 paitibus
736 3293 750 3332 ‚
777 3228 819 3310 in
847 3226 1024 3341 pleura,
1048 3223 1244 3336 hepate,
1271 3249 1326 3334 pe*

401 3357 578 3442 ritonaeo
593 3377 668 3445 etc.
680 3424 694 3463 ‚
738 3360 807 3446 vel
827 3362 871 3444 in
892 3363 1035 3480 tunica
1056 3358 1256 3444 cellulari
1273 3359 1324 3436 in-

402 3499 469 3570 ter
495 3507 661 3578 rectum
687 3507 729 3578 et
756 3489 944 3578 vesicam
972 3493 1020 3576 in
1047 3489 1186 3594 viris,
1232 3490 1326 3572 inter

405 3633 571 3704 rectum
595 3639 638 3706 et
668 3641 840 3710 uterum
878 3627 925 3709 in
957 3623 1148 3708 foeminis
1186 3635 1325 3714 natus3

407 3757 722 3866 compressione
741 3759 928 3873 partium
949 3757 1197 3843 vicinarum
1224 3747 1322 3838 veut
