2756 4850
327 445 369 513 0.
402 441 465 514 v1.
498 439 745 514 ouoosns.
933 439 1003 540 473

40 611 303 686 mammas,
326 581 541 669 testiculos
558 597 601 668 et
616 579 785 667 labrum
807 579 891 666 oris
910 581 1005 666 affi-

43 715 202 801 ciens.
231 713 281 801 In
308 716 550 829 junioribus
577 743 689 831 saepe
711 743 811 801 oum
835 731 1003 803 tumore

45 850 238 932 ventris
264 879 317 932 ox
341 843 565 960 emphraxi
586 844 884 962 glandularnm
907 880 1002 937 mo-

50 977 330 1064 seminarum
346 1044 360 1082 ,
392 993 435 1064 et
457 1007 556 1063 oum
573 973 890 1092 osteophthoria
905 984 1004 1068 arti-

54 1105 274 1194 culorum
306 1112 490 1222 junctus.
524 1111 639 1197 Vide
671 1141 799 1226 supra
831 1145 875 1228 p.
911 1113 1001 1199 153.

60 1239 125 1324 G.
150 1239 352 1328 cheiras.
754 1240 758 1248 ⁴

58 1435 102 1500 B.
134 1433 310 1508 Tononns
336 1461 602 1510 onnuounnunn
627 1461 892 1510 munuum

64 1631 114 1698 G.
151 1577 404 1704 cccxxxlu.
507 1635 707 1704 ΡΗΥΜΑ.

126 1767 192 1840 Gr.
217 1777 303 1864 Φῦμα
316 1771 564 1845 tuberculum.

131 1963 303 2060 Tumor
333 1965 544 2078 glandulae
580 1967 771 2078 cujusvis
796 1965 1005 2076 sebaoeae,

74 2095 151 2182 vel
193 2127 380 2186 mucosae
415 2102 523 2188 cuns
567 2098 898 2212 tuberculosns3
934 2101 1008 2188 vel
1156 2197 1161 2207 .

78 2230 302 2318 tubercula
320 2231 444 2348 plura
463 2234 508 2318 in
525 2233 655 2328 variis
678 2233 866 2347 corporis
881 2235 1010 2346 parli-

77 2363 162 2446 bus
179 2367 362 2451 externis
372 2432 386 2471 ,
403 2365 523 2468 dure,
535 2364 720 2452 dolentia
734 2364 807 2454 vel
819 2365 1011 2452 indolen-

80 2497 164 2600 ua,
183 2497 312 2584 modo
327 2501 410 2584 cito
430 2515 471 2586 et
491 2497 640 2602 facile,
670 2497 798 2584 modo
824 2498 936 2584 lente
970 2513 1012 2584 et

80 2659 190 2742 eegre
207 2633 497 2744 suppurantia.

138 2803 335 2875 ΗΜΛ
352 2805 465 2912 Ιειειίεε

142 2983 169 3030 ι.
194 2962 346 3060 Phyma
355 2962 477 3056 saniei
503 2957 612 3050 (Veri
628 2955 654 3053 ).

136 3125 163 3192 T
166 3120 384 3196 uberculurn
405 3173 415 3208 ,
446 3117 502 3190 vel
524 3115 715 3190 tubercula
735 3117 870 3216 plura,
895 3116 1013 3214 dura,

88 3237 270 3340 profunde
285 3238 419 3329 rubra,
440 3235 644 3312 indolentia
659 3237 699 3310 in
711 3233 819 3326 facie,
833 3259 916 3309 raro
929 3259 1015 3334 sup-

91 3373 269 3460 pumnuu.

141 3547 172 3592 α.
196 3521 347 3620 Phyma
363 3525 447 3594 nasi
466 3517 673 3612 (Bacchia).

142 3675 414 3768 Tuberculnm,
441 3693 506 3750 aut
531 3675 724 3750 tubercula
749 3676 884 3777 plura,
904 3679 1018 3772 dura,

97 3795 272 3900 profunde
289 3797 422 3894 rubra,
437 3797 645 3876 indolentia
663 3801 704 3876 in
728 3823 839 3892 naso,
856 3825 949 3902 saepe
976 3801 1017 3876 in
