2810 4860
295 465 338 536 o.
363 463 471 534 v111.
497 461 855 533 scoaaconss.
966 451 1034 550 alr

121 598 239 702 doque
256 628 356 676 unus
368 619 433 674 aut
446 601 571 698 plnres
585 599 1039 699 separatim,·quandoque

119 722 270 821 plurimi
295 722 436 820 ingenti
459 741 617 790 numero
645 718 857 788 racematim
881 717 978 790 inter
1002 743 1041 791 ss

120 838 345 912 oohaerentes.

161 977 305 1076 Species
335 971 605 1074 particuliaris,
643 971 817 1070 Hydntis
842 975 1039 1050 cerebralis

118 1093 227 1184 dicta3
252 1094 408 1164 maxime
431 1088 581 1162 cerebro
598 1090 726 1160 ovium
749 1087 909 1180 infesta,
939 1115 1044 1166 mor-r

118 1211 203 1284 bum
218 1236 346 1284 eorum
366 1208 589 1308 peculiarem
610 1208 877 1305 vertiginosum
890 1226 1035 1302 causat,

118 1355 188 1427 qno
210 1355 296 1403 oves
315 1327 385 1402 hoc
404 1326 534 1400 morbo
559 1324 793 1400 assecures
826 1345 1037 1406 constanter

118 1455 153 1524 in
182 1479 317 1554 gyrum
341 1466 514 1540 vertunt,
537 1475 629 1548 supe
650 1449 898 1560 perforatione
915 1459 1037 1529 cranii

50 1569 66 1588 ³
117 1569 331 1642 curandum.
349 1569 578 1672 Anhydatis,
591 1570 818 1668 quandoque
829 1574 870 1643 in
885 1574 1035 1646 cerebro

116 1687 275 1762 hominis
289 1689 472 1780 nidulum,
490 1688 675 1762 eademsit
687 1711 728 1760 ac
743 1710 783 1760 ea
801 1693 940 1783 ovium,
954 1717 1034 1766 non

116 1807 243 1906 liquet.
257 1809 335 1880 Alia
345 1812 498 1908 species,
510 1812 559 1885 H
551 1813 685 1908 ydolis
683 1813 793 1904 finna
801 1809 910 1900 dicta,
924 1811 1037 1884 maris·
1141 1833 1143 1842 ¹

114 1951 172 1998 me
196 1925 364 2000 faucibus
389 1951 431 2000 ao
459 1925 632 1999 carnibus
662 1941 863 2024 porcorum
890 1927 1036 2006 infesta:

111 2043 189 2116 Alia
202 2045 345 2132 adhuc,
373 2049 548 2144 Hydotis
564 2047 716 2142 globosa
729 2044 846 2136 diota,
867 2069 959 2146 saepe
972 2051 1034 2121 ov'i

110 2163 300 2262 gallinacei
323 2161 597 2261 magnitudine,
627 2185 704 2234 non
734 2183 817 2234 raro
838 2165 877 2234 in
897 2166 1034 2264 perito-

108 2307 189 2354 naeo
201 2307 245 2354 ac
261 2283 301 2352 in
317 2279 446 2380 hepate
462 2295 661 2380 porcorum
684 2283 877 2378 reperitur.

153 2500 221 2568 111.
248 2501 416 2574 Hirudc.

151 2721 312 2793 Hirudo
333 2718 562 2793 medicinalis
577 2734 614 2790 et
631 2715 785 2794 Hirudo
803 2723 1031 2819 sanguisuga

94 2835 140 2910 'in
181 2840 291 2936 aquis
320 2837 573 2935 stagnantibus
595 2839 821 2930 habitantes,
858 2865 933 2911 sese
968 2854 1032 2938 pe·'

98 2957 232 3045 dibus,
253 2953 379 3027 aliisve
392 2954 558 3053 partibus
572 2959 735 3054 corporis
753 2957 884 3048 nudis,
901 2962 940 3029 in
952 2957 1032 3029 has:

97 3101 139 3148 ee
167 3091 287 3174 aquas
308 3075 512 3161 immersis,
544 3072 732 3170 affigentes
751 3075 1030 3148 haemorrhoeam

95 3208 291 3280 causant,
338 3215 429 3290 saepe
472 3189 672 3263 difficulter
720 3191 929 3264 sistendam.
977 3191 1032 3265 Ab

94 3289 351 3412 applicatione
374 3309 560 3381 hirudinis
582 3311 809 3406 sanguisuga
825 3309 869 3380 ad
892 3331 1032 3402 anum,

96 3432 138 3501 in
180 3425 337 3498 foemina
371 3427 651 3523 temperamenti
700 3415 913 3516 irritabilis,
943 3451 1032 3499 cons

95 3545 293 3618 vulsiones
334 3543 478 3642 aliaque
511 3559 754 3644 symptomata
793 3547 913 3642 gravia
951 3563 1031 3619 orta

64 3733 69 3742 .
94 3667 213 3740 fauisse
237 3665 339 3735 novi.
366 3663 566 3736 Hirudines
588 3681 673 3734 cum
690 3685 784 3760 aqua
803 3661 938 3736 hausta
955 3689 1031 3738 sese

94 3785 277 3863 faucibus
301 3797 366 3854 aut
391 3781 597 3856 ventriculo
617 3781 799 3880 affigunt,
833 3799 869 3856 et
898 3784 1029 3858 hamo·

256 3925 279 3970 ²
859 3906 885 3972 Ρ
