2756 4850
345 430 387 500 Ο.
422 429 489 502 vl.
520 428 768 502 ONCOSES.
948 429 1014 506 501

136 590 207 700 sp.
234 627 268 677 a.
294 602 516 680 Gtouoncus'
534 611 692 686 Acutut.

34 853 40 860 ,
144 781 286 853 Tumor
308 781 500 881 linguaeex
519 784 810 858 inflammatione
833 785 1019 882 ejusdem,

94 913 161 970 aut
177 924 219 970 ex
237 897 406 1008 phlogosi
424 901 683 1000 glandularum
702 901 1019 980 submaxillarium

95 1015 154 1091 vel
166 1017 475 1117 sublingualium5
492 1038 558 1096 aut
574 1023 621 1094 ab
639 1048 708 1095 usu
724 1023 940 1124 hydrargyri
962 1028 1018 1098 in·

95 1152 228 1228 caut03
256 1138 314 1212 vel
338 1163 359 1212 a
381 1143 534 1214 venenis
562 1144 757 1244 assumptis
779 1159 845 1216 aut
871 1160 1020 1220 externe

94 1257 308 1358 applicatis,
325 1259 518 1332 oriundus.

148 1440 210 1539 Sp.
238 1436 272 1511 3.
297 1438 522 1514 Glossoncus
540 1444 753 1516 Chronieus.

143 1617 288 1714 Lingua
306 1616 533 1716 quandoque
549 1631 755 1690 monstroso
771 1614 962 1688 volumine
978 1641 1023 1690 ex

94 1757 160 1806 ore
174 1748 382 1807 constanter
402 1737 661 1836 propendens,
685 1734 829 1825 mollis,
854 1733 910 1807 vel
927 1733 1022 1807 dura

93 1868 133 1924 et
148 1854 343 1944 exsiccata,
366 1879 451 1926 curn
467 1854 677 1927 sialorrhoea
695 1869 731 1926 et
750 1853 1021 1951 dyscataposia;

93 1971 323 2072 quandoque
333 1975 442 2045 etiam
456 1998 541 2046 eum
550 1972 655 2048 atalia
668 1988 733 2046 aut
744 1997 831 2046 voce
845 1995 953 2044 rauca
963 1971 1021 2043 vel

94 2117 185 2166 cum
204 2091 324 2166 ulcere
339 2093 475 2194 lingua·
486 2095 715 2194 complicata.
727 2133 776 2150 -
790 2093 941 2165 Morbus
952 2087 1021 2166 sol·

95 2213 199 2292 licite
220 2239 241 2288 a
256 2216 506 2292 carkinomate
522 2214 658 2316 lingua
679 2213 974 2314 distinguendus.

94 2501 140 2570 G.
167 2497 385 2571 coemit
460 2495 932 2570 STAPHYLONCUS.

147 2642 178 2710 Δ
206 2639 269 2712 Gr.
295 2643 429 2738 Σταφυλὴ
449 2636 573 2712 uvula.

154 2875 302 2962 Uvula
333 2876 516 2962 crassitie
544 2891 615 2960 aut
646 2871 910 2986 longitudine
949 2869 1021 2956 ab·

99 3007 263 3096 normis
280 3073 294 3111 ‚
332 3005 588 3122 quandoque
623 3003 750 3090 simul
799 3003 1020 3108 indurata,

6 3237 20 3258 μ
99 3142 341 3238 functiones
365 3137 533 3226 laedens.

150 3339 212 3460 Sp.
244 3359 273 3405 r.
299 3331 570 3433 Staphyloneus
588 3333 852 3429 Phlogistirue.

6 3524 21 3552 ‘
153 3523 293 3593 Tumor
313 3479 457 3606 uvuln,
476 3539 496 3588 a
513 3512 683 3616 phlogosi
700 3509 920 3586 membranae
942 3530 1025 3580 mu-

6 3693 8 3700 ·
102 3661 189 3711 cosae
203 3636 260 3715 rel
273 3635 456 3711 cellularis
471 3651 584 3710 ortus.

6 3896 23 3932 v
152 3779 244 3856 Vide
262 3783 505 3882 Istdrqitim
529 3779 750 3862 Antonio«.
