2686 4850
220 521 227 534 ·
263 493 306 562 0.
343 465 409 562 tx.
450 475 715 560 nttntsus.
881 495 951 598 687

50 632 92 702 tis
103 631 221 728 stipata
239 655 247 702 t
265 631 371 725 AEger
393 652 478 699 crus
505 627 668 718 fleitum,
694 644 731 700 et
747 655 814 729 per
828 633 954 734 plures
1040 629 1042 634 ¹

43 753 248 850 ¹septimanas
260 745 398 819 lectum
417 760 541 818 tenere
563 748 719 844 cogitur.

93 951 260 1044 Veneres
278 941 314 1017 3.
338 945 480 1020 lttexe
505 945 683 1018 Tendinis
704 947 880 1024 Patettoe.

91 1127 165 1195 Hes
192 1135 350 1220 ruptura
376 1118 561 1208 tendinis,
588 1143 653 1192 seu
677 1119 870 1220 ligamenti
891 1153 957 1227 pa-

43 1241 155 1316 tellam
170 1239 256 1314 c'um
277 1239 368 1313 tibia
380 1239 590 1338 jungentis,
623 1240 663 1310 in
689 1239 811 1314 medio
833 1242 890 1314 vel
915 1249 956 1320 in

38 1363 275 1450 extremitate,
291 1359 357 1432 ubi
372 1383 448 1432 sese
462 1357 693 1432 tuberositati
707 1359 805 1432 tibiae
818 1361 954 1462 affigit,

39 1473 214 1578 praeeipue
232 1503 276 1548 ex
293 1475 397 1575 lapsu
412 1477 451 1548 in
463 1499 561 1574 genu
576 1475 648 1548 suh
661 1475 837 1553 descensu
854 1505 957 1554 acce-

38 1599 173 1687 lerato,
203 1610 270 1669 aut
298 1620 342 1667 ex
370 1595 448 1667 ictu
476 1594 595 1665 cessim
627 1593 770 1668 inflicto
797 1599 953 1673 oritur:

35 1717 137 1814 Eget
147 1739 213 1787 nec
228 1737 265 1786 se
281 1711 419 1801 levare,
430 1736 497 1783 nec
513 1736 599 1784 crus
608 1711 802 1785 extendere
818 1694 955 1812 potest,

32 1833 162 1938 patella
184 1857 333 1906 sursum
356 1830 537 1918 trahitue,
566 1845 603 1902 et
624 1829 694 1904 sub
717 1839 802 1903 cute
823 1858 952 1907 cavum

33 1949 192 2031 sentitur
207 1957 247 2028 in
265 1953 346 2026 loco
369 1953 546 2051 rupturas.¹
574 1949 796 2052 Plerumque
824 1955 958 2054 eschy-

30 2079 148 2166 mosi,
172 2091 346 2164 tumore,
378 2087 415 2146 et
447 2071 638 2144 thlasmate
672 2097 769 2170 genu
801 2077 958 2174 stipata3

27 2195 257 2298 quandoque
274 2219 360 2266 cum
377 2191 536 2264 fractura
550 2189 691 2291 patellae
707 2191 935 2293 complicata.

79 2385 255 2452 vinens
289 2379 324 2462 ἀ.
366 2379 504 2450 steen
532 2379 692 2450 teredinis
730 2391 956 2454 extensurum

24 2507 161 2575 cruris.

78 2671 270 2770 Completa
291 2667 350 2743 vel
378 2669 600 2767 incompleta
620 2699 632 2760 3
666 2669 890 2770 plerumque
915 2701 959 2748 ex

22 2794 137 2890 lapsu
159 2793 198 2860 in
216 2813 315 2886 genu
334 2801 413 2860 orta
438 2815 446 2858 ε
470 2791 574 2886 AEger
594 2813 661 2860 nec
675 2813 713 2862 se
727 2789 865 2882 levare,
891 2819 961 2866 nec

19 2932 186 3008 corpus,
204 2905 362 3005 pedibus
374 2907 565 2998 insistens,
578 2923 739 2978 erectum
756 2885 879 2982 tenere
892 2937 961 3010 po·

19 3046 125 3118 test3
161 3052 272 3125 supra
303 3023 475 3126 patellam
506 3049 661 3114 cavum,
682 3051 773 3126 saepe
797 3055 817 3098 α
843 3045 908 3100 aut
937 3035 958 3102 3

17 3147 213 3252 pollicum
232 3147 428 3256 distantia,
454 3147 634 3234 sentitur,
658 3169 796 3244 augens
811 3144 882 3217 sub
900 3145 961 3220 sse·

13 3293 125 3345 xura
153 3267 296 3356 cruris,
316 3265 531 3338 diminuens
552 3262 623 3338 sub
648 3261 811 3360 ejusdem
837 3277 960 3336 exten·
1030 3303 1033 3310 ·

11 3393 148 3466 sione.

74 3573 145 3666 Sp.
177 3565 212 3637 3.
237 3564 370 3639 Rhexis
395 3566 510 3640 Vaeis
534 3565 740 3661 sanguinei.

70 3746 233 3818 Arteriae
259 3762 324 3818 aut
350 3769 450 3819 veuae
470 3743 653 3840 cujusvis,
682 3737 739 3813 vel
766 3739 961 3838 utriusque

4 3862 147 3974 sitnul
164 3917 174 3956 ‚
194 3867 235 3938 in
250 3863 489 3941 interioribus
504 3863 692 3963 partibus,
707 3860 821 3954 telin
838 3883 963 3960 super·

691 3983 761 4054 Vt
792 4005 812 4048 α
868 4025 872 4034 -
