2688 4850
288 449 330 522 ο.
365 449 435 520 1x.
467 453 736 524 nrttrsas.
901 455 975 556 659

35 589 174 678 tectis,
192 611 235 660 ex
251 585 422 688 phlogosi
439 613 631 686 praegressa
644 607 743 680 orta3
759 615 851 689 saepe
864 619 976 666 secre-

36 709 151 782 tione
169 723 206 780 et
227 709 435 782 excretione
459 709 594 782 leheris
612 713 730 796 acris,
756 715 905 802 viscosi,
927 733 977 787 te·

37 829 160 916 uuis,
187 825 245 898 vel
264 823 482 924 puriformis
496 828 637 924 stipata.
653 829 742 899 Vide
756 855 866 928 supra
882 839 980 932 Epi„

5 1045 6 1058 ἵ
33 947 310 1040 plzlogiamata.
986 953 989 960 ’

101 1121 352 1196 Vnum
372 1147 440 1220 pro
457 1149 573 1198 eausa
596 1137 758 1198 remota.-

4 1294 6 1332 ³
42 1329 76 1368 α.
103 1295 164 1368 Ab
186 1299 261 1371 acri
285 1313 434 1372 externe
455 1301 649 1400 applicato.
823 1393 828 1401 ι

45 1417 80 1505 β.
108 1413 165 1484 Ab
188 1417 291 1514 igne,
315 1432 380 1488 aut
403 1417 488 1516 gelu
510 1420 566 1490 vel
588 1417 723 1518 frigore
745 1419 900 1490 intenso.

3 1533 7 1572 ²
48 1567 79 1630 y.
106 1533 164 1610 Ab
178 1539 253 1610 acri
269 1561 498 1636 quoeunque
517 1541 555 1610 in
574 1556 678 1637 parte
696 1553 832 1609 secreto
845 1564 855 1626 ;
870 1534 926 1606 vel
941 1561 985 1608 ex

4 1655 5 1658 ’
104 1679 221 1726 massa
235 1653 441 1730 humorum
454 1657 501 1730 ad
514 1655 747 1758 superficiem
768 1653 985 1754 cutisdepo·

205 1789 300 1845 srto:

2 1897 3 1918 ἶ
118 1937 149 1983 r.
173 1909 232 1982 Ab
251 1911 466 2008 erysipelate
489 1927 554 1983 aut
573 1909 812 2002 erythemate.

1 2038 6 2060 '
108 2058 144 2102 a.
171 2033 308 2136 Aeone
323 2085 332 2118 ‚
349 2044 414 2101 aut
428 2031 648 2130 epinyctide.

110 2149 145 2220 3.
173 2148 229 2220 Ab
246 2149 407 2246 herpete.

113 2273 146 2354 4.
173 2266 231 2338 Ab
248 2265 409 2365 aphthis.

112 2387 146 2458 5.
173 2391 203 2458 A
221 2389 305 2458 viru
324 2385 551 2491 syphilitieo.

114 2503 149 2579 6.
174 2503 231 2577 Ab
249 2503 519 2603 hydrargyrosi.

116 2649 149 2720 7.
174 2625 206 2692 t
223 2625 315 2694 vitio
333 2623 554 2694 scorhutic0.

116 2743 151 2812 8.
177 2747 206 2810 A
223 2745 314 2812 vitio
330 2742 540 2838 podagrico.

123 2884 158 2954 9.
183 2856 241 2929 Ab
261 2857 505 2948 isehomenia,
521 2861 762 2956 pausirnenia.

74 3065 106 3109 a.
137 3041 272 3110 Ulcera
299 3039 399 3112 Cort‘t‘
412 3091 429 3126 ‚
469 3061 534 3110 seu
558 3039 787 3112 Membrana
814 3037 1001 3110 cellulosoe

175 3157 289 3228 Cutis.

122 3332 250 3404 Ulcera
262 3333 302 3404 in
315 3331 529 3404 membrana
541 3327 690 3430 adiposa
702 3331 814 3420 cutss,
826 3353 890 3402 seu
902 3329 1004 3402 corio

78 3455 225 3552 proprie
241 3454 293 3526 sie
309 3451 427 3541 dicto,
445 3451 505 3525 vel
520 3453 631 3526 etiam
650 3455 692 3524 in
709 3451 934 3525 membranis
947 3477 1003 3526 ca·
1103 3445 1106 3454 ’

81 3577 206 3644 vitates
219 3572 382 3670 corporis
393 3575 558 3644 internas
572 3571 874 3660 investientibus,
890 3571 947 3642 vel
964 3573 1004 3640 in

80 3689 277 3764 visceribus
293 3707 359 3764 aut
375 3689 560 3792 glandulis
577 3693 710 3780 variis,
726 3715 770 3764 ex
784 3687 953 3788 phlogosi
969 3701 1006 3758 et

80 3823 297 3904 apostemate
313 3813 516 3908 praegressis
528 3827 632 3904 orta;
658 3825 695 3886 et
711 3809 935 3908 plerumque
950 3829 1008 3876 ex·
