2686 4850
264 437 305 504 o.
340 435 383 506 x.
417 433 716 506 tuomum..
886 431 956 532 737

75 615 137 710 Sp.
168 636 198 682 t.
225 607 397 682 Defectus
424 609 577 706 Capitis.
600 587 603 606 ¹

78 767 241 842 Infantes
255 765 481 864 quandoque
497 777 702 838 nascuntur
717 765 796 838 sine
814 765 956 842 ossibus
1073 747 1075 755 ’

23 888 211 974 calvariae,
225 886 283 958 vel
298 887 378 958 sine
396 884 567 976 cerebro3
583 898 649 956 aut
660 885 770 956 etiam
780 887 860 957 sine
877 885 954 960 ullo

24 1005 172 1102 cepite3
196 1002 297 1076 unde
313 1007 506 1103 Akepitofi
520 1007 594 1102 (gr.
606 991 775 1101 Ᾰκέφαλοι)
788 1003 889 1080 dicti.

75 1165 137 1260 Sp.
164 1187 196 1234 α.
223 1159 393 1235 Defectus
407 1166 517 1236 Nasi.

75 1301 299 1398 Plerumque
312 1326 356 1374 ex
369 1301 471 1400 gelu,
485 1317 551 1376 aut
568 1301 689 1374 ulcere
697 1303 755 1374 vel
765 1302 952 1394 eiosioue,

21 1421 950 1514 outmutilatione,rariusexvitiocounam,ortus.

75 1583 137 1678 Sp.
164 1577 197 1650 3.
223 1576 395 1650 Defectus
411 1581 540 1655 Auris.-

74 1717 185 1788 Auris
208 1732 386 1803 extem,
410 1715 468 1788 vel
485 1717 614 1812 organi
633 1716 809 1790 auditorii
834 1722 950 1794 totius

21 1833 190 1914 defectus
206 1846 409 1924 counitus,
424 1833 483 1904 vel
500 1857 542 1904 ex
559 1833 796 1908 mutilatione
812 1852 927 1910 ortus.

77 1996 139 2088 Sp.
169 1995 203 2080 [1.
230 1988 400 2070 Defectus
425 1995 544 2070 Oculi.

72 2153 306 2252 Quandoque
321 2151 453 2224 oculus
469 2177 589 2242 unus,
601 2153 827 2254 quandoque
842 2155 958 2230 ambo

20 2277 62 2344 in
78 2275 245 2346 neonatis
256 2271 449 2346 deficiunt.
541 2349 549 2356 ,

75 2441 135 2534 Sp.
165 2434 198 2508 5.
222 2432 394 2506 Defectus
406 2439 596 2510 Domium.

77 2575 257 2644 Dentium
286 2571 460 2668 eruptio,
484 2571 524 2640 in
554 2559 762 2642 infantibus
785 2585 951 2669 tempore

28 2706 205 2764 consueto
227 2691 401 2787 impedita
417 2721 424 2757 ε
445 2691 587 2760 Vitium
600 2689 824 2788 plerumque
837 2689 883 2762 ab
897 2715 953 2764 os-

30 2807 243 2880 teomalekia
264 2807 491 2904 dependens.

82 2967 145 3064 Sp.
172 2963 206 3034 6.
232 2961 403 3036 Defectus
423 2967 567 3038 Uvuloe.
656 3049 659 3056 ‚

73 3119 952 3222 Vitiumquandoqueconnstum;saepiusabcro
1032 3130 1035 3138 '

21 3245 126 3316 sione
152 3225 318 3312 ulcerum
342 3237 640 3338 syphiliticorum
663 3253 813 3331 ortum,
832 3243 957 3316 Poro·

20 3365 200 3460 plioniam
222 3363 388 3433 nosofem
410 3381 574 3433 causans.

75 3525 138 3618 Sp.
167 3546 199 3617 7.
226 3516 397 3592 Defectus
416 3520 525 3592 Colis.

76 3679 173 3750 Colis
186 3677 348 3750 defectus
359 3693 560 3768 comnotus,
575 3675 631 3748 vel
645 3698 689 3748 ex
700 3675 958 3773 amputatione
1058 3757 1061 3762 Ι

23 3813 91 3873 etc.
105 3813 219 3874 ortus.
237 3797 472 3896 Quandoque
485 3795 557 3872 hoc
571 3797 704 3872 vitium
717 3791 962 3870 solummodo

713 3917 774 3988 Zz
806 3911 830 3984 3
