2756 4850
351 435 433 537 ⁴9³
525 433 603 504 cu.
633 368 676 502 tt.
706 429 749 498 n
772 427 902 498 oum
940 431 1134 505 uomet.

361 597 453 672 saepe
475 595 519 646 ex
541 570 632 644 vitio
657 567 808 654 dentis,
843 589 889 636 ex
908 583 1138 658 earcomate,
1173 567 1310 646 fissura

360 693 473 781 labii,
492 705 558 764 aut
575 687 622 762 ab
641 686 747 760 acido
762 689 802 758 in
820 687 1052 781 ventriculo,
1070 687 1132 762 vel
1151 715 1199 763 ex
1214 695 1309 766 vitio

361 809 599 910 syphititico,
615 805 817 880 scrofuloso
830 861 842 896 ,
857 822 924 880 aut
941 809 1159 882 aeorbutieo
1172 827 1308 904 ortus;

362 932 551 1030 neglectus
563 929 622 1004 vel
631 927 915 1030 maletractatus
924 951 1018 1028 taepe
1030 931 1072 1000 in
1086 933 1307 1006 meoethem

362 1051 500 1128 abiens.

365 1318 407 1386 o.
432 1284 643 1384 'occatu-
725 1311 1015 1384 uuoucua

411 1459 442 1526 Α
459 1455 520 1524 Gr.
536 1447 635 1526 otto
648 1451 807 1548 gingiva.

425 1653 713 1768 Gingivarum
733 1665 894 1736 tumor.

413 1885 476 1978 Sp.
507 1905 538 1951 1.
561 1876 728 1950 Uloncua
750 1877 1018 1973 Phlogiaticus.

412 2081 555 2148 Tumor
573 2077 727 2176 gingivae
754 2073 913 2164 calidus,
941 2073 1185 2164 dolorificus‚
1213 2103 1310 2178 sepe

364 2219 450 2270 cum
469 2212 632 2285 tumore,
649 2193 803 2283 rubore,
817 2209 852 2268 et
865 2193 983 2268 calore
996 2218 1098 2293 genae
1114 2195 1249 2272 lateris
1261 2201 1310 2271 af-

362 2315 447 2388 fecti
458 2317 631 2411 junctus3
648 2313 871 2421 plerumque
891 2315 931 2386 in
951 2331 1140 2418 apostema
1162 2317 1310 2392 abiens.

362 2433 455 2510 Vide
477 2437 599 2510 Utine.

409 2639 472 2734 Sp.
499 2661 532 2706 a.
559 2634 724 2706 Uloncus
743 2637 1061 2734 Apoetemotodea.

409 2835 551 2903 Tumor
573 2831 728 2930 gingivae
748 2829 1026 2922 tuberculosus,
1056 2859 1213 2908 summe
1242 2835 1308 2910 do·

361 2947 555 3038 lorificus,
581 2947 721 3023 calidus
740 2949 844 3044 juxta
863 2947 1012 3024 dentem
1030 2949 1228 3025 dolentem
1249 2953 1306 3025 vel

361 3050 563 3162 cariosum,
580 3093 624 3142 ex
634 3066 804 3166 phlogosi
819 3093 1031 3166 pmgoessa,
1046 3075 1248 3144 autetiam
1264 3099 1306 3146 ex

360 3188 604 3287 contusione,
625 3187 844 3260 laceratione
856 3189 1033 3288 gingivae,
1052 3207 1120 3262 ant
1137 3189 1304 3265 lmctun

359 3283 505 3382 alveolae
523 3323 637 3380 ortus.
656 3307 891 3406 Quandoque
907 3311 947 3380 in
962 3311 1057 3382 carie
1079 3310 1209 3384 dentis
1227 3337 1305 3384 ma·

357 3427 454 3498 xillm
476 3424 690 3512 inferioris,
722 3440 871 3525 patente
901 3427 959 3500 vel
985 3427 1147 3518 latente,
1178 3433 1304 3502 oritur

361 3556 488 3616 tumor
509 3545 549 3614 in
574 3542 749 3642 glandula
772 3536 1049 3636 submaxillariss
1081 3563 1149 3620 aut
1185 3551 1299 3619 aiam

352 3675 544 3758 apostema
567 3665 609 3736 in
636 3665 851 3739 membrana
877 3667 1051 3742 oellulon
1075 3669 1298 3767 adjacente,

356 3801 450 3878 supe
466 3781 506 3854 iu
524 3778 685 3856 fistulam
702 3784 840 3862 abiens.
