2792 4852
305 439 349 508 o.
379 433 857 549 nsruunruonrm.
972 435 1043 535 ³89

163 615 351 704 ἵκων,
365 627 409 685 ut
423 613 578 684 stenosis
592 613 632 683 in
651 635 806 710 genere,
821 627 993 711 praeterea
1008 642 1016 684 :

108 829 143 868 a.
166 807 194 866 A
213 809 360 866 tumore
372 790 768 893 prostatae,aliarumve
781 791 1043 892 glandularum

164 914 348 986 urethrae.'

112 1040 146 1129 β.
175 1035 232 1107 Ab
258 1033 496 1107 induratione
513 1047 579 1106 aut
597 1033 860 1106 incrassatione
880 1036 1044 1134 corporis

105 1217 110 1230 .
163 1161 371 1243 cavernosi,
385 1170 450 1227 aut
467 1153 768 1228 membranarum
785 1153 954 1226 urethrae.

112 1307 144 1372 γ.
169 1275 379 1348 Auerrueis
400 1289 466 1346 aut
482 1276 735 1348 excrescentiis
751 1277 793 1373 in
811 1274 972 1350 urethra.
1033 1279 1035 1282 ’

112 1397 142 1470 δ.
168 1391 350 1466 Asclerosi
369 1409 434 1467 aut
446 1395 613 1468 cicatrice
633 1395 792 1469 urethrae
809 1421 854 1469 ex
872 1395 1042 1496 phlogosi

161 1537 372 1612 praegressa.
567 1587 571 1594 ,
997 1545 999 1548 ·

111 1664 138 1706 e.
165 1637 195 1705 Α
221 1648 368 1707 tumore
384 1635 547 1706 varicoso
575 1634 616 1704 in
642 1633 794 1706 urethra
815 1635 873 1706 vel
893 1637 932 1706 in
952 1633 1056 1708 collo*

162 1751 309 1838 vesicae,
338 1750 563 1850 plerumque
595 1777 640 1824 ex
666 1751 771 1825 fluxu
808 1751 1045 1824 haemorrhoi-

162 1869 255 1944 dum
264 1893 489 1980 suppresso,
514 1885 608 1943 orto.
977 1872 981 1882 '

133 2123 139 2134 ,
167 2053 230 2147 Sp.
250 2049 679 2147 12.Sten0sisProeputii
693 2052 1046 2154 (Poethostcnosis.)

153 2231 479 2334 Orifieiipraeputii
489 2235 657 2334 angustia
671 2233 878 2322 abnormis,
890 2257 954 2305 seu
964 2239 1050 2303 c'on·

113 2353 256 2424 strictio
274 2366 394 2440 tanta,
416 2367 459 2424 ut
474 2353 700 2452 praeputium
716 2367 917 2424 retrorsum
936 2371 1048 2446 super

112 2469 287 2570 glandem
301 2473 411 2560 trahi,
420 2487 456 2543 et
467 2473 557 2544 hinc
566 2471 670 2570 glans
679 2471 862 2545 denudari
875 2485 1046 2570 nequeat.

166 2591 348 2665 Phimosis
361 2597 627 2668 Recentiorum.
652 2591 707 2688 (*)

169 2776 398 2851 Vnum:

115 2985 149 3025 a.
176 2955 207 3024 Δ
221 2953 313 3024 vitio
327 2966 498 3024 connato.

114 3076 150 3165 β.
177 3070 623 3172 Aphlogosiauttumore
636 3069 809 3168 praeputii
826 3067 883 3140 vel
893 3067 1046 3166 glandis.

158 3339 201 3415 (⁴⁸)
216 3339 367 3399 Phimorie
382 3335 537 3420 (φίμωσις)
559 3339 688 3399 otnero
707 3346 751 3396 eet
763 3345 913 3396 meatuum
927 3345 1047 3398 nutura·

117 3441 195 3500 lium
207 3439 360 3517 praelusio
372 3481 382 3512 ,
395 3439 467 3498 hinc
485 3439 513 3498 ei
524 3437 604 3498 idem
629 3437 710 3510 fere,
736 3457 770 3495 ac
791 3436 877 3496 nobis
897 3437 1026 3496 Stenosis
1038 3435 1054 3509 ‚'
1130 3473 1136 3484 .

116 3538 274 3620 significat.
292 3537 349 3598 Sed
363 3541 541 3600 recentiores
552 3559 664 3598 nomen
678 3538 830 3600 Plrimorie
849 3558 936 3598 sensu
961 3539 1049 3698 zric-

117 3639 196 3698 tiore
201 3659 258 3719 pro
269 3639 462 3698 mutuae
473 3639 613 3720 prnputii
624 3637 766 3699 adhibent
779 3679 789 3712 ‚
801 3647 832 3697 et
841 3645 960 3718 strangu
991 3635 1051 3698 tio·

118 3757 190 3798 nem
201 3737 301 3798 bolani
313 3757 351 3796 ex
364 3738 510 3816 preputio
529 3747 610 3798 retro
620 3735 756 3816 glandem
766 3736 926 3799 constricto
946 3739 1047 3797 Parc·

114 3837 273 3918 phimosin
289 3835 450 3918 appeliant.
472 3835 674 3900 VideAnxt'a.
