2810 4860
295 405 338 474 ο.
365 403 429 494 rx.
455 379 782 472 L1rn1a'sus.
922 396 992 472 255
1039 329 1043 352 Ι

85 611 154 678 snt.
170 606 330 704 llodaiyla.
347 604 536 678 Discorid.

127 807 177 882 A.
205 803 282 876 The
297 805 406 878 Gout.

130 929 175 999 G.
207 928 257 995 La
275 927 423 996 Goutte.

132 1047 198 1118 Ge.
212 1044 279 1114 Die
294 1041 417 1114 Gicbt.

130 1245 179 1316 N.
197 1245 248 1316 B.
265 1245 380 1314 Causa
395 1237 590 1312 materialis
604 1239 793 1340 podagra,
816 1241 1003 1344 quidquid

89 1362 259 1436 hactenus
271 1385 293 1432 a
308 1362 438 1436 cullen
449 1360 575 1437 aliisve
587 1361 854 1436 recentioribus
863 1380 1006 1438 contra·

89 1477 223 1550 dictum
239 1493 293 1550 est
305 1533 316 1568 ,
330 1478 426 1552 mihi
441 1480 588 1554 videtur
599 1505 673 1554 esse
686 1481 825 1556 humor
834 1484 926 1554 acris
936 1509 1006 1582 pe-

90 1597 229 1688 culiaris
244 1613 407 1690 natura,
430 1601 470 1672 in
487 1624 602 1674 massa
618 1603 809 1698 sanguinis
824 1602 1004 1700 gradatim

89 1731 296 1814 generatus,
313 1731 477 1792 retentus
497 1734 534 1792 et
565 1719 845 1806 accumulatus;
872 1717 1006 1790 deinde

89 1859 128 1906 ex
143 1859 258 1908 massa
274 1837 477 1911 humorum
494 1838 530 1910 vi
549 1856 688 1910 naturae
708 1839 749 1910 in
764 1838 1008 1910 extremitates

90 1955 241 2050 rejectus
255 1969 292 2028 et
306 1955 553 2054 praecipuead
573 1955 684 2053 pedes
707 1955 919 2056 depositus,
942 1969 1009 2027 aut

91 2069 226 2144 ibidem
259 2087 455 2172 stagnans,
482 2075 522 2144 in
551 2073 744 2164 tendines,
777 2073 1009 2146 membranas

91 2191 327 2292 etligamenta
335 2191 576 2267 articulorum
588 2196 693 2294 quasi
703 2196 902 2294 impactus,
912 2191 1009 2266 mole

91 2328 123 2384 et
135 2315 337 2388 acrimonia
349 2338 414 2386 sua
428 2313 606 2386 irritando
622 2327 659 2386 et
672 2312 897 2402 vellicando,
908 2311 1011 2384 dolo·

92 2456 145 2504 res
166 2433 410 2506 atrocissimos
442 2457 623 2538 causansj,
649 2431 797 2506 tandem
823 2457 891 2532 per
925 2455 1008 2504 vasa

92 2565 239 2624 cotanea
252 2551 326 2624 loci
340 2550 459 2626 affecti
478 2554 728 2650 transpirans,
745 2551 803 2626 vel
820 2569 1011 2652 resorptus

93 2670 135 2742 ad
160 2695 265 2743 renes
286 2685 351 2742 aut
382 2671 429 2743 ad
455 2673 551 2745 cutis
576 2673 811 2772 superficiem
837 2672 1009 2763 delatus,
1093 2749 1096 2760 ,

96 2789 242 2884 perbaec
256 2791 453 2863 excretoria
470 2813 655 2890 ecorpore
675 2789 938 2864 eliminandus.
962 2797 1007 2864 In

95 2907 240 2980 senibus
251 2931 337 2982 vero
350 2923 387 2980 et
400 2908 666 3000 debilioribus,
684 2935 762 2982 non
783 2933 865 2980 raro
882 2909 922 2980 in
947 2933 1012 2980 ar-

97 3026 238 3116 ticulis,
259 3026 396 3124 pedum
412 3029 595 3128 praecipue
621 3027 679 3100 vel
700 3051 907 3114 manuum,
932 3026 1014 3098 diu-

99 3145 165 3216 tius
181 3144 339 3236 baerens,
351 3171 428 3218 non
439 3145 649 3244 absorptus,
666 3146 706 3216 in
725 3167 879 3216 massam
893 3141 1014 3214 albam

98 3267 309 3352 concrescit,
333 3279 370 3336 et
387 3264 524 3354 nodos,
546 3262 703 3361 tophos,
722 3260 926 3334 calculosve
949 3285 1015 3360 po·

102 3379 389 3478 dagricosdictos
402 3381 545 3456 format.
565 3386 641 3456 Hos
654 3379 824 3472 calculos,
836 3379 1015 3453 hactenus

101 3501 203 3598 vulgo
219 3527 289 3598 pro
305 3517 398 3574 terra
414 3503 573 3574 calcarea
590 3500 762 3586 habitos,
788 3523 911 3598 nuper
931 3524 1015 3572 ana·

103 3616 164 3706 lysi
197 3619 361 3692 chemica
388 3624 548 3697 exactius
581 3621 843 3718 investigatos,
878 3634 1018 3690 naturae

103 3734 282 3812 evidenter
297 3737 418 3812 salina
437 3763 511 3816 esse
529 3765 634 3815 nunc
652 3751 884 3842 compertum
908 3735 1014 3812 babe-
