2782 4860
391 363 465 450 304
495 424 498 433 ,
568 363 640 432 CL.
677 355 1154 434 v.M01t131r0P101.-

389 501 542 598 oblique
562 513 629 572 aut
656 496 854 572 lateraliter
880 494 1094 568 oblatorum
1124 497 1320 591 distinctu

389 620 507 694 oculis
520 619 608 718 ipsis
621 617 787 691 distortis
800 629 867 688 aut
877 614 1110 714 inaequaliter
1121 621 1244 708 motis,
1256 621 1325 694 dis·

388 741 553 812 torsione
580 739 704 826 varia,
733 739 962 828 introrsum,
989 751 1229 832 extrorsum,
1250 767 1324 812 sur·

387 884 472 952 sum
487 914 496 949 ‚
512 857 571 930 uel
580 856 751 929 deorsum
770 909 780 945 ,
800 855 916 928 unius
930 854 988 928 vel
1003 858 1204 956 utriusque
1220 859 1322 932 ocuti.

387 1023 473 1096 Suu.
487 1015 707 1116 Amblyopia
724 1015 928 1088 luscorum.
943 1019 980 1092 8.

485 1135 732 1224 Strabismus‚
749 1163 780 1207 o.
797 1133 1018 1206 strabositas.
1041 1135 1153 1210 Λυσι.

485 1256 732 1326 Lusciositas.
756 1281 785 1327 a.
798 1255 973 1326 Luscitas.
991 1257 1205 1334 Boertave.

481 1376 643 1474 Dysopin
666 1371 834 1448 lateralis.
858 1377 957 1448 coll.

433 1552 488 1633 Ἀ.
520 1558 735 1656 Squinfing.

438 1681 484 1752 G.
519 1680 598 1751 Vue
618 1676 763 1750 louche.

377 1863 381 1872 .
437 1801 503 1872 Ge.
517 1796 697 1874 Schielen.

440 1975 508 2049 Va
517 1999 627 2050 nur
641 2003 714 2074 pro
733 1999 850 2050 causa
866 1982 1030 2049 remoto:

384 2165 414 2202 a.
441 2140 469 2205 A
484 2130 578 2206 mala
591 2132 880 2222 consuetudine,
896 2130 1055 2206 infantes
1075 2129 1115 2204 in
1127 2129 1311 2206 lectulus

434 2249 560 2324 raliter
577 2248 654 2323 luci
673 2250 896 2351 exponendi.

321 2433 325 2440 ,
381 2373 416 2462 β.
444 2369 498 2442 ΑΙ)
516 2369 746 2442 educationis
767 2369 948 2468 neglectu.

283 2563 287 2572 ,
375 2519 411 2586 Ιγ.
437 2495 633 2586 Aspasmo
655 2486 713 2561 rel
745 2513 766 2558 a
793 2503 1027 2562 contractura
1056 2485 1311 2561 musctrlorurn

428 2606 540 2679 oculi.

381 2729 405 2812 δ,
435 2731 463 2802 t
481 2727 641 2826 paralysi
659 2729 775 2803 unius
791 2729 850 2802 vel
867 2729 1023 2802 'alterius
1046 2725 1209 2800 musculi
1235 2750 1314 2799 ocu·

387 2895 389 2907 ›
430 2845 567 2919 lorum.

379 2999 404 3040 ε.
429 2969 457 3040 Α
474 2965 622 3040 laesione
635 2971 740 3042 uerri
755 2970 871 3069 optici
886 2969 927 3040 in
945 2991 1024 3040 uno
1041 2967 1165 3041 oculo.

377 3251 491 3330 jectum
502 3272 519 3310 e
529 3253 641 3314 dirocto
654 3253 748 3314 oculi·
763 3255 918 3332 oblatum
932 3256 1008 3318 lusci
1019 3275 1093 3318 roro
1101 3267 1137 3316 nt
1145 3255 1311 3318 distinctim

378 3351 522 3422 videant,
540 3353 691 3436 objectum
702 3354 801 3436 ipsum
811 3365 864 3414 ant
875 3356 980 3418 netem
992 3367 1022 3416 et
1037 3358 1160 3418 oculum
1177 3357 1218 3418 ad
1231 3357 1311 3416 alta·

377 3457 483 3510 utrum
505 3449 583 3509 latur
608 3449 765 3513 inclinant.
784 3451 842 3512 sed
865 3473 935 3516 curn
955 3455 1044 3516 ambo
1066 3455 1143 3518 vitia
1157 3457 1198 3514 ab
1215 3453 1309 3516 eaden

379 3565 467 3606 eausa
481 3548 639 3626 oriantur,
664 3553 734 3613 ru.
761 3573 779 3612 a
795 3554 1000 3617 contrictione
1011 3556 1150 3618 nouom
1161 3555 1308 3616 musonio·

377 3665 448 3706 rum
468 3648 547 3708 oculi
566 3651 657 3710 nnius
668 3653 717 3712 vel
729 3653 909 3739 utriusque,
931 3655 1093 3737 utcmque
1107 3653 1307 3722 methodo&

378 3753 549 3826 rentur,ea
557 3748 712 3834 sejungens
722 3747 830 3818 inutile
839 3755 950 3818 comui.
1015 3822 1018 3833 ,

1222 3851 1302 3937 nt
