2808 4862
284 419 326 488 O.
351 421 379 487 1.
405 413 752 488 DYSCHYMIAE.
934 414 981 504 45

55 553 294 633 lAdefectu
324 553 589 626 alimentorum
613 568 650 626 et
676 554 983 652 potulentorum;

97 691 167 746 aut
184 676 322 746 avictu
338 674 452 746 nimis
469 675 594 762 tenui,
614 697 709 772 pure
721 674 924 772 vegetabili.

54 822 76 862 ι.
107 791 167 862 Ab
184 816 288 892 aquae
304 807 486 890 corruptos
500 817 570 864 usu
587 791 763 890 longiore.

53 925 78 994 ζ.
105 918 135 983 A
165 913 409 1010 respiratione
422 909 602 987 habituali
614 913 707 983 aeris
717 909 982 1008 atmosphoerioi
1101 993 1104 1000 ι

104 1034 205 1102 varie
221 1034 400 1130 corrupti.

54 1185 79 1234 r..
105 1151 164 1224 Ab
180 1150 342 1224 effluu‘is
359 1152 521 1250 putridis
539 1177 625 1224 cum
643 1151 829 1226 alimentis
848 1167 913 1224 aut
930 1173 982 1224 sa·

100 1268 175 1342 liva
193 1267 405 1366 deglutitis,
421 1267 480 1343 vel
500 1295 568 1369 per
590 1268 810 1370 pulmones,
829 1283 896 1344 aut
914 1294 983 1369 per

102 1403 233 1460 cutem
245 1388 437 1487 absorptis.

52 1517 86 1579 ἃ.
104 1507 163 1580 Ab
181 1507 446 1594 immunditie,
473 1507 652 1608 squalore.

54 1662 72 1698 t.
101 1633 127 1702 A
142 1626 294 1700 defectu
311 1630 484 1703 exercitii.

51 1779 78 1818 z.
95 1746 154 1820 Ab
168 1749 355 1819 exercitiis
372 1751 507 1820 mentis
520 1763 558 1821 et
574 1751 739 1848 corporis
750 1751 932 1825 violentis.

52 1874 77 1938 l.
101 1871 132 1940 A
150 1867 276 1940 mlore
291 1867 508 1966 pregrandi.

52 2021 82 2082 μ.
107 1993 138 2060 A
152 1987 298 2077 calore,
314 1987 441 2060 subito
455 1986 582 2085 frigori
600 1985 741 2086 glaciali
756 1993 981 2068 succedente.

54 2137 78 2178 ν.
103 2107 161 2180 Ab
174 2108 297 2180 animi
308 2105 501 2180 affectibus
518 2107 692 2182 tristibus.

56 2229 81 2308 ξ.
104 2227 160 2298 Ab
173 2251 327 2300 excessu
341 2215 494 2300 veneris.

57 2375 82 2417 ο.
104 2345 161 2418 Ab
176 2345 453 2418 excretionibus
465 2346 590 2444 puris,
606 2343 742 2420 ichoris
752 2401 762 2440 ,
774 2347 908 2440 urium,
921 2375 984 2423 su-

103 2463 206 2538 doris
220 2479 288 2541 ete.
312 2467 464 2538 retentis
481 2481 545 2539 aut
558 2471 761 2564 suppressis
772 2469 985 2568 ‚absorptis

60 2613 88 2652 π.
112 2588 379 2681 Agangraena,
404 2583 543 2673 ulcere,
569 2585 686 2676 carie,
710 2586 985 2681 carlinomate,

104 2701 361 2801 elephantiasi.

61 2850 86 2914 ρ.
110 2817 453 2910 medicamentis,
471 2821 663 2920 sanguinis
685 2823 919 2898 dissolutioni
937 2824 985 2898 fa-

102 2937 306 3026 ventibus,
331 2943 539 3038 assumptis.

63 3083 87 3124 s.
110 3061 140 3126 A
158 3057 317 3128 venenis
330 3056 554 3155 quibusdam
570 3075 638 3134 aut
652 3061 905 3136 miesmatibus
921 3086 986 3160 pe-

104 3173 322 3248 culiaribus.

63 3321 86 3364 τ.
109 3299 140 3364 A
155 3319 327 3367 morsura
344 3295 583 3394 quorundam
598 3315 825 3398 serpentum.

64 3441 88 3480 υ.
111 3419 143 3483 Δ
157 3412 350 3486 vermibus
361 3417 568 3514 primarum
583 3421 740 3492 viarum.

65 3559 90 3624 e.
113 3533 142 3601 A
157 3535 426 3608 constitutione
443 3537 645 3638 epidemica
661 3539 838 3640 peculiari
857 3539 903 3613 ad
918 3567 986 3642 pu·

107 3651 312 3743 tredinem,
338 3671 375 3730 et
394 3657 544 3734 morbos
560 3661 648 3736 iude
667 3661 892 3759 pendentes,
914 3662 987 3734 dis-

111 3789 283 3868 ponente.
