2754 4858
260 547 264 556 ,
405 465 475 542 580
574 465 647 536 CL.
679 464 723 533 V.
752 459 925 532 MORBI
962 461 1179 534 TOPICI.

406 708 449 779 o.
476 699 747 776 occnxxvui.
807 655 809 663 ⁸
848 701 1132 776 sansonis.

451 848 514 916 Gr.
534 851 680 940 Σοῆοκωμα
696 869 726 913 s.
749 846 956 939 deauoma
973 844 1057 941 Ep(
1070 867 1197 932 caro,
1223 842 1335 930 idei,

404 988 598 1064 compages
634 963 797 1062 partium
829 959 1036 1034 mollium:
1069 963 1336 1051 membranas,

405 1111 512 1176 vasa,
536 1105 690 1174 nervos,
708 1097 746 1156 et
767 1081 956 1160 musculos
977 1083 1323 1184 comprehendens

460 1285 758 1394 Excresccntia
785 1333 861 1422 seu
887 1317 1032 1391 tumor
1061 1335 1286 1394 carnosus
1306 1311 1335 1392 in

404 1469 659 1560 quacunque
686 1453 804 1552 parte
822 1437 1012 1552 corporis
1038 1453 1237 1527 externa
1250 1508 1266 1546 ,
1298 1441 1337 1528 fi·

402 1605 519 1688 gurae
538 1569 805 1684 irregularis,
834 1569 1093 1683 plerumque
1116 1573 1268 1660 ruber
1282 1575 1336 1660 vel

401 1703 671 1818 puipureus,
692 1699 877 1804 lividus,
899 1700 1128 1813 indolens3
1156 1705 1336 1806 solidus,

405 1851 651 1948 compactus
668 1846 710 1919 et
723 1835 910 1918 renitens
920 1899 933 1940 ‚
951 1834 1222 1947 pedunooio
1235 1841 1335 1924 tenui

405 1980 602 2082 angusto,
623 1964 693 2052 vel
708 1965 796 2050 basi
814 1964 964 2051 latiore
981 1967 1211 2056 immobili
1227 1991 1336 2088 part·

402 2101 484 2186 bus
507 2097 726 2185 substratis
747 2095 913 2186 fortiter
931 2097 1163 2188 adhaerens
1189 2139 1201 2190 :
1226 2107 1335 2192 lnioi¹¹

401 2231 611 2342 parvulus
621 2295 636 2335 ,
660 2259 886 2344 pnogrcssu
902 2231 1039 2339 lente,
1057 2235 1141 2320 scd
1157 2238 1335 2355 aliqum·

401 2360 542 2473 doque
559 2361 685 2446 ctiam
706 2361 874 2467 subito,
892 2365 939 2448 in
957 2395 1168 2480 magnam
1186 2373 1335 2456 molen

398 2491 659 2595 increscens,
675 2506 864 2608 tuncque
876 2493 1139 2610 pierumque
1152 2503 1332 2599 mollior,

401 2623 521 2738 quasi
541 2624 821 2738 spongiosus,
854 2657 965 2741 saepc
991 2627 1216 2720 fallaciter
1242 2637 1332 2724 fluo·

398 2769 547 2860 tuaus,
566 2786 615 2842 ac
631 2757 880 2844 membrana
897 2760 1041 2866 tonui,
1059 2795 1151 2878 qua
1168 2772 1332 2884 tegitur,

399 2903 551 3001 sponte
580 2905 738 3002 rupta,
771 2893 846 2976 voi
879 2893 1048 2979 incauto
1088 2900 1331 3010 perforata,

399 3004 650 3134 sanguinem
674 3019 883 3132 fundens,
921 3040 1102 3139 tumque
1126 3061 1232 3118 non
1251 3065 1330 3120 raro

397 3152 446 3236 in
475 3163 742 3266 gangraenam
773 3184 822 3240 ac
849 3171 1034 3242 mortem
1065 3168 1329 3272 terminans5

397 3282 471 3368 vel
487 3285 613 3370 etiam
629 3286 675 3369 in
692 3285 813 3371 uicus
830 3287 931 3372 mali
947 3291 1079 3375 moris
1093 3291 1331 3413 fungosum

399 3414 568 3522 abiens,
601 3417 654 3502 ab
671 3418 827 3530 ignaris
843 3449 1069 3533 perperam
1087 3456 1178 3540 pro
1200 3433 1331 3518 carii·

395 3563 566 3634 nomaso
581 3547 786 3638 habitum.
807 3551 993 3642 Morbus
1011 3559 1179 3648 tunicae
1200 3565 1329 3652 colio-

391 3674 491 3760 laris
516 3678 812 3790 subcutaneus,
842 3686 889 3773 in
912 3688 1206 3780 substantiam
1228 3697 1327 3784 moi»

390 3805 476 3901 lem
492 3873 506 3916 ,
552 3841 735 3915 crassam
769 3849 818 3908 ac
850 3822 1157 3938 spongiosam,
1204 3831 1322 3920 venis
