<?xml version="1.0" encoding="UTF-8"?>
<!DOCTYPE html PUBLIC "-//W3C//DTD XHTML 1.0 Transitional//EN"
    "http://www.w3.org/TR/xhtml1/DTD/xhtml1-transitional.dtd">
<html xmlns="http://www.w3.org/1999/xhtml" xml:lang="en" lang="en">
 <head>
  <title>
</title>
<meta http-equiv="Content-Type" content="text/html;charset=utf-8" />
  <meta name='ocr-system' content='tesseract 3.04.00' />
  <meta name='ocr-capabilities' content='ocr_page ocr_carea ocr_par ocr_line ocrx_word'/>
</head>
<body>
  <div class='ocr_page' id='page_1' title='image "./novumnosologiae01swedgoog_0616.png"; bbox 0 0 2688 4850; ppageno 0'>
   <div class='ocr_carea' id='block_1_1' title="bbox 38 424 937 698">
    <p class='ocr_par' dir='ltr' id='par_1_1' title="bbox 38 424 937 698">
     <span class='ocr_line' id='line_1_1' title="bbox 236 424 937 530; baseline 0.013 -36"><span class='ocrx_word' id='word_1_1' title='bbox 236 424 280 494; x_wconf 93' lang='lat'>0.</span> <span class='ocrx_word' id='word_1_2' title='bbox 316 425 424 498; x_wconf 89' lang='lat' dir='ltr'>v111.</span> <span class='ocrx_word' id='word_1_3' title='bbox 456 427 705 504; x_wconf 83' lang='lat' dir='ltr'><strong>ECTOPIAE.</strong></span> <span class='ocrx_word' id='word_1_4' title='bbox 866 429 937 530; x_wconf 75' lang='lat'>627</span> 
     </span>
     <span class='ocr_line' id='line_1_2' title="bbox 38 625 330 698; baseline 0.014 -6"><span class='ocrx_word' id='word_1_5' title='bbox 38 625 76 693; x_wconf 84' lang='grc' dir='ltr'>ΙΙ.</span> <span class='ocrx_word' id='word_1_6' title='bbox 100 625 330 698; x_wconf 74' lang='lat' dir='ltr'>Incomma.</span> 
     </span>
    </p>
   </div>
   <div class='ocr_carea' id='block_1_2' title="bbox 36 823 1049 1401">
    <p class='ocr_par' dir='ltr' id='par_1_2' title="bbox 36 823 1049 1401">
     <span class='ocr_line' id='line_1_3' title="bbox 64 823 942 923; baseline 0.008 -29"><span class='ocrx_word' id='word_1_7' title='bbox 64 823 133 895; x_wconf 88' lang='lat' dir='ltr'>Ubi</span> <span class='ocrx_word' id='word_1_8' title='bbox 151 825 362 898; x_wconf 79' lang='lat' dir='ltr'>extremitas</span> <span class='ocrx_word' id='word_1_9' title='bbox 383 823 472 896; x_wconf 90' lang='lat' dir='ltr'>ossis</span> <span class='ocrx_word' id='word_1_10' title='bbox 489 849 559 923; x_wconf 93' lang='lat' dir='ltr'>pro</span> <span class='ocrx_word' id='word_1_11' title='bbox 574 839 679 923; x_wconf 85' lang='lat' dir='ltr'>parte</span> <span class='ocrx_word' id='word_1_12' title='bbox 696 850 739 899; x_wconf 89' lang='lat' dir='ltr'>ex</span> <span class='ocrx_word' id='word_1_13' title='bbox 752 850 841 899; x_wconf 87' lang='lat' dir='ltr'>cavo</span> <span class='ocrx_word' id='word_1_14' title='bbox 857 831 942 901; x_wconf 89' lang='lat' dir='ltr'>arti·</span> 
     </span>
     <span class='ocr_line' id='line_1_4' title="bbox 38 943 1049 1046; baseline 0.007 -30"><span class='ocrx_word' id='word_1_15' title='bbox 38 943 91 1016; x_wconf 87' lang='lat' dir='ltr'>uli</span> <span class='ocrx_word' id='word_1_16' title='bbox 106 943 266 1036; x_wconf 88' lang='lat' dir='ltr'>dimota,</span> <span class='ocrx_word' id='word_1_17' title='bbox 293 947 333 1042; x_wconf 91' lang='lat' dir='ltr'>in</span> <span class='ocrx_word' id='word_1_18' title='bbox 353 943 568 1018; x_wconf 84' lang='lat' dir='ltr'>membrana</span> <span class='ocrx_word' id='word_1_19' title='bbox 580 945 789 1046; x_wconf 72' lang='lat' dir='ltr'>capsulam,</span> <span class='ocrx_word' id='word_1_20' title='bbox 815 965 879 1022; x_wconf 89' lang='lat' dir='ltr'>aut</span> <span class='ocrx_word' id='word_1_21' title='bbox 904 953 944 1022; x_wconf 91' lang='lat' dir='ltr'>in</span> <span class='ocrx_word' id='word_1_22' title='bbox 1044 965 1049 972; x_wconf 89' lang='lat'>&#39;</span> 
     </span>
     <span class='ocr_line' id='line_1_5' title="bbox 37 1061 946 1164; baseline 0.004 -32"><span class='ocrx_word' id='word_1_23' title='bbox 37 1063 181 1162; x_wconf 83' lang='lat' dir='ltr'>nargine</span> <span class='ocrx_word' id='word_1_24' title='bbox 207 1062 378 1152; x_wconf 80' lang='lat' dir='ltr'>articuli,</span> <span class='ocrx_word' id='word_1_25' title='bbox 403 1061 461 1136; x_wconf 83' lang='lat' dir='ltr'>vel</span> <span class='ocrx_word' id='word_1_26' title='bbox 486 1064 525 1135; x_wconf 89' lang='lat' dir='ltr'>in</span> <span class='ocrx_word' id='word_1_27' title='bbox 547 1061 616 1134; x_wconf 88' lang='lat' dir='ltr'>alia</span> <span class='ocrx_word' id='word_1_28' title='bbox 643 1066 733 1136; x_wconf 87' lang='lat' dir='ltr'>ossis</span> <span class='ocrx_word' id='word_1_29' title='bbox 756 1079 860 1164; x_wconf 89' lang='lat' dir='ltr'>parte</span> <span class='ocrx_word' id='word_1_30' title='bbox 879 1067 946 1136; x_wconf 90' lang='lat' dir='ltr'>im·</span> 
     </span>
     <span class='ocr_line' id='line_1_6' title="bbox 36 1182 948 1270; baseline 0.005 -20"><span class='ocrx_word' id='word_1_31' title='bbox 36 1195 117 1253; x_wconf 70' lang='lat' dir='ltr'>»acta</span> <span class='ocrx_word' id='word_1_32' title='bbox 142 1183 274 1270; x_wconf 72' lang='lat' dir='ltr'>haret,</span> <span class='ocrx_word' id='word_1_33' title='bbox 299 1205 386 1254; x_wconf 88' lang='lat' dir='ltr'>cum</span> <span class='ocrx_word' id='word_1_34' title='bbox 413 1183 626 1256; x_wconf 82' lang='lat' dir='ltr'>extensione</span> <span class='ocrx_word' id='word_1_35' title='bbox 652 1182 814 1257; x_wconf 86' lang='lat' dir='ltr'>violenta</span> <span class='ocrx_word' id='word_1_36' title='bbox 832 1207 948 1257; x_wconf 90' lang='lat' dir='ltr'>mem·</span> 
     </span>
     <span class='ocr_line' id='line_1_7' title="bbox 36 1299 505 1401; baseline 0.006 -29"><span class='ocrx_word' id='word_1_37' title='bbox 36 1325 137 1372; x_wconf 74' lang='lat' dir='ltr'>›ranae</span> <span class='ocrx_word' id='word_1_38' title='bbox 150 1299 351 1401; x_wconf 80' lang='lat' dir='ltr'>capsularis</span> <span class='ocrx_word' id='word_1_39' title='bbox 364 1301 505 1397; x_wconf 82' lang='lat' dir='ltr'>juncta.</span> 
     </span>
    </p>
   </div>
   <div class='ocr_carea' id='block_1_3' title="bbox 68 1483 955 1620">
    <p class='ocr_par' dir='ltr' id='par_1_3' title="bbox 68 1483 955 1620">
     <span class='ocr_line' id='line_1_8' title="bbox 68 1483 955 1620; baseline 0.007 -24"><span class='ocrx_word' id='word_1_40' title='bbox 68 1525 127 1620; x_wconf 74' lang='lat' dir='ltr'>sp.</span> <span class='ocrx_word' id='word_1_41' title='bbox 159 1483 856 1618; x_wconf 63' lang='lat' dir='ltr'>1.snrthmsnnraxutaenseaora.</span> <span class='ocrx_word' id='word_1_42' title='bbox 947 1583 955 1602; x_wconf 91' lang='lat'>.</span> 
     </span>
    </p>
   </div>
   <div class='ocr_carea' id='block_1_4' title="bbox 35 1735 960 2320">
    <p class='ocr_par' dir='ltr' id='par_1_4' title="bbox 35 1735 960 2320">
     <span class='ocr_line' id='line_1_9' title="bbox 69 1735 955 1838; baseline -0.001 -28"><span class='ocrx_word' id='word_1_43' title='bbox 69 1741 258 1810; x_wconf 87' lang='lat' dir='ltr'>Processus</span> <span class='ocrx_word' id='word_1_44' title='bbox 286 1741 401 1812; x_wconf 92' lang='lat' dir='ltr'>unius</span> <span class='ocrx_word' id='word_1_45' title='bbox 418 1737 476 1812; x_wconf 84' lang='lat' dir='ltr'>vel</span> <span class='ocrx_word' id='word_1_46' title='bbox 495 1741 693 1838; x_wconf 90' lang='lat' dir='ltr'>utriusque</span> <span class='ocrx_word' id='word_1_47' title='bbox 717 1735 955 1836; x_wconf 79' lang='lat' dir='ltr'>condyloidei</span> 
     </span>
     <span class='ocr_line' id='line_1_10' title="bbox 35 1849 957 1958; baseline 0.004 -30"><span class='ocrx_word' id='word_1_48' title='bbox 35 1855 175 1928; x_wconf 78' lang='lat' dir='ltr'>naxillae</span> <span class='ocrx_word' id='word_1_49' title='bbox 192 1849 402 1950; x_wconf 85' lang='lat' dir='ltr'>inferioris,</span> <span class='ocrx_word' id='word_1_50' title='bbox 427 1883 471 1931; x_wconf 84' lang='lat' dir='ltr'>ex</span> <span class='ocrx_word' id='word_1_51' title='bbox 491 1857 604 1933; x_wconf 81' lang='lat' dir='ltr'>foveis</span> <span class='ocrx_word' id='word_1_52' title='bbox 620 1859 758 1932; x_wconf 87' lang='lat' dir='ltr'>ossium</span> <span class='ocrx_word' id='word_1_53' title='bbox 779 1862 957 1958; x_wconf 88' lang='lat' dir='ltr'>temporis</span> 
     </span>
     <span class='ocr_line' id='line_1_11' title="bbox 35 1974 956 2068; baseline 0.002 -20"><span class='ocrx_word' id='word_1_54' title='bbox 35 1999 148 2048; x_wconf 72' lang='lat' dir='ltr'>remus</span> <span class='ocrx_word' id='word_1_55' title='bbox 161 1975 345 2050; x_wconf 78' lang='lat' dir='ltr'>anteriora</span> <span class='ocrx_word' id='word_1_56' title='bbox 360 1974 591 2052; x_wconf 81' lang='lat' dir='ltr'>dimotio—</span> <span class='ocrx_word' id='word_1_57' title='bbox 601 1981 645 2049; x_wconf 92' lang='lat' dir='ltr'>In</span> <span class='ocrx_word' id='word_1_58' title='bbox 663 2001 769 2068; x_wconf 86' lang='lat' dir='ltr'>casu,</span> <span class='ocrx_word' id='word_1_59' title='bbox 786 1975 851 2050; x_wconf 92' lang='lat' dir='ltr'>ubi</span> <span class='ocrx_word' id='word_1_60' title='bbox 865 2003 956 2056; x_wconf 86' lang='lat' dir='ltr'>con-</span> 
     </span>
     <span class='ocr_line' id='line_1_12' title="bbox 35 2093 958 2196; baseline 0.005 -32"><span class='ocrx_word' id='word_1_61' title='bbox 35 2097 102 2194; x_wconf 75' lang='lat' dir='ltr'>tyti</span> <span class='ocrx_word' id='word_1_62' title='bbox 130 2093 284 2168; x_wconf 75' lang='lat' dir='ltr'>maxillae</span> <span class='ocrx_word' id='word_1_63' title='bbox 316 2097 514 2196; x_wconf 85' lang='lat' dir='ltr'>utriusque</span> <span class='ocrx_word' id='word_1_64' title='bbox 540 2095 663 2170; x_wconf 87' lang='lat' dir='ltr'>lateris</span> <span class='ocrx_word' id='word_1_65' title='bbox 696 2097 809 2171; x_wconf 86' lang='lat' dir='ltr'>simul</span> <span class='ocrx_word' id='word_1_66' title='bbox 842 2097 958 2170; x_wconf 85' lang='lat' dir='ltr'>luxati</span> 
     </span>
     <span class='ocr_line' id='line_1_13' title="bbox 35 2217 960 2320; baseline 0.002 -30"><span class='ocrx_word' id='word_1_67' title='bbox 35 2233 133 2308; x_wconf 71' lang='lat' dir='ltr'>runt,</span> <span class='ocrx_word' id='word_1_68' title='bbox 147 2231 188 2290; x_wconf 83' lang='lat' dir='ltr'>os</span> <span class='ocrx_word' id='word_1_69' title='bbox 200 2234 370 2318; x_wconf 87' lang='lat' dir='ltr'>apertum</span> <span class='ocrx_word' id='word_1_70' title='bbox 387 2217 485 2308; x_wconf 85' lang='lat' dir='ltr'><strong>hiat,</strong></span> <span class='ocrx_word' id='word_1_71' title='bbox 506 2244 575 2292; x_wconf 86' lang='lat' dir='ltr'>nec</span> <span class='ocrx_word' id='word_1_72' title='bbox 587 2219 710 2292; x_wconf 88' lang='lat' dir='ltr'>claudi</span> <span class='ocrx_word' id='word_1_73' title='bbox 722 2234 862 2320; x_wconf 87' lang='lat' dir='ltr'>potest,</span> <span class='ocrx_word' id='word_1_74' title='bbox 875 2219 960 2292; x_wconf 89' lang='lat' dir='ltr'>den·</span> 
     </span>
    </p>
   </div>
   <div class='ocr_carea' id='block_1_5' title="bbox 34 2341 1001 3758">
    <p class='ocr_par' dir='ltr' id='par_1_5' title="bbox 34 2341 1001 3636">
     <span class='ocr_line' id='line_1_14' title="bbox 34 2341 963 2444; baseline 0 -28"><span class='ocrx_word' id='word_1_75' title='bbox 34 2370 78 2417; x_wconf 74' lang='lat' dir='ltr'>zes</span> <span class='ocrx_word' id='word_1_76' title='bbox 89 2345 254 2417; x_wconf 90' lang='lat' dir='ltr'>incisorii</span> <span class='ocrx_word' id='word_1_77' title='bbox 265 2358 301 2416; x_wconf 90' lang='lat' dir='ltr'>et</span> <span class='ocrx_word' id='word_1_78' title='bbox 312 2346 440 2418; x_wconf 86' lang='lat' dir='ltr'>canini</span> <span class='ocrx_word' id='word_1_79' title='bbox 454 2341 646 2418; x_wconf 81' lang='lat' dir='ltr'>inferiores</span> <span class='ocrx_word' id='word_1_80' title='bbox 654 2359 740 2416; x_wconf 92' lang='lat' dir='ltr'>ante</span> <span class='ocrx_word' id='word_1_81' title='bbox 751 2345 963 2444; x_wconf 81' lang='lat' dir='ltr'>superiores</span> 
     </span>
     <span class='ocr_line' id='line_1_15' title="bbox 34 2461 964 2563; baseline 0 -27"><span class='ocrx_word' id='word_1_82' title='bbox 34 2465 272 2563; x_wconf 81' lang='lat' dir='ltr'>prominent,</span> <span class='ocrx_word' id='word_1_83' title='bbox 304 2488 391 2536; x_wconf 91' lang='lat' dir='ltr'>cum</span> <span class='ocrx_word' id='word_1_84' title='bbox 418 2461 603 2562; x_wconf 77' lang='lat' dir='ltr'>loquelae,</span> <span class='ocrx_word' id='word_1_85' title='bbox 637 2465 901 2537; x_wconf 82' lang='lat' dir='ltr'>masticationis</span> <span class='ocrx_word' id='word_1_86' title='bbox 925 2478 964 2536; x_wconf 87' lang='lat' dir='ltr'>et</span> 
     </span>
     <span class='ocr_line' id='line_1_16' title="bbox 34 2571 964 2684; baseline 0.002 -26"><span class='ocrx_word' id='word_1_87' title='bbox 34 2571 542 2684; x_wconf 70' lang='lat' dir='ltr'>ieglutitionisabolitione,</span> <span class='ocrx_word' id='word_1_88' title='bbox 567 2609 610 2657; x_wconf 87' lang='lat' dir='ltr'>ac</span> <span class='ocrx_word' id='word_1_89' title='bbox 637 2583 850 2672; x_wconf 88' lang='lat' dir='ltr'>sialorrhoea</span> <span class='ocrx_word' id='word_1_90' title='bbox 877 2609 964 2661; x_wconf 85' lang='lat' dir='ltr'>cou-</span> 
     </span>
     <span class='ocr_line' id='line_1_17' title="bbox 34 2701 965 2806; baseline -0.003 -30"><span class='ocrx_word' id='word_1_91' title='bbox 34 2709 165 2796; x_wconf 74' lang='lat' dir='ltr'>stanti3</span> <span class='ocrx_word' id='word_1_92' title='bbox 186 2731 278 2806; x_wconf 85' lang='lat' dir='ltr'>soepe</span> <span class='ocrx_word' id='word_1_93' title='bbox 298 2709 408 2778; x_wconf 88' lang='lat' dir='ltr'>etiam</span> <span class='ocrx_word' id='word_1_94' title='bbox 430 2732 517 2778; x_wconf 87' lang='lat' dir='ltr'>oum</span> <span class='ocrx_word' id='word_1_95' title='bbox 542 2731 687 2804; x_wconf 82' lang='lat' dir='ltr'><strong>spasmo</strong></span> <span class='ocrx_word' id='word_1_96' title='bbox 702 2704 879 2794; x_wconf 72' lang='lat' dir='ltr'>maxillae,</span> <span class='ocrx_word' id='word_1_97' title='bbox 902 2701 965 2774; x_wconf 90' lang='lat' dir='ltr'>ba·</span> 
     </span>
     <span class='ocr_line' id='line_1_18' title="bbox 34 2823 967 2924; baseline -0.002 -28"><span class='ocrx_word' id='word_1_98' title='bbox 34 2827 200 2922; x_wconf 81' lang='lat' dir='ltr'>ryecoia‚</span> <span class='ocrx_word' id='word_1_99' title='bbox 227 2825 475 2924; x_wconf 78' lang='lat' dir='ltr'>pseudocoia,</span> <span class='ocrx_word' id='word_1_100' title='bbox 503 2826 659 2924; x_wconf 85' lang='lat' dir='ltr'>otalgia‚</span> <span class='ocrx_word' id='word_1_101' title='bbox 683 2840 719 2898; x_wconf 91' lang='lat' dir='ltr'>et</span> <span class='ocrx_word' id='word_1_102' title='bbox 738 2823 967 2922; x_wconf 86' lang='lat' dir='ltr'>quandoque</span> 
     </span>
     <span class='ocr_line' id='line_1_19' title="bbox 34 2942 1001 3044; baseline -0.004 -26"><span class='ocrx_word' id='word_1_103' title='bbox 34 2971 119 3018; x_wconf 83' lang='lat' dir='ltr'>rum</span> <span class='ocrx_word' id='word_1_104' title='bbox 155 2944 351 3044; x_wconf 87' lang='lat' dir='ltr'>cataphora</span> <span class='ocrx_word' id='word_1_105' title='bbox 378 2958 415 3015; x_wconf 88' lang='lat' dir='ltr'>et</span> <span class='ocrx_word' id='word_1_106' title='bbox 447 2942 678 3040; x_wconf 87' lang='lat' dir='ltr'>hyperemesi</span> <span class='ocrx_word' id='word_1_107' title='bbox 708 2968 892 3044; x_wconf 88' lang='lat' dir='ltr'>porracea.</span> <span class='ocrx_word' id='word_1_108' title='bbox 924 2948 1001 3014; x_wconf 81' lang='lat' dir='ltr'>ln‘</span> 
     </span>
     <span class='ocr_line' id='line_1_20' title="bbox 34 3055 970 3162; baseline -0.002 -29"><span class='ocrx_word' id='word_1_109' title='bbox 34 3062 151 3162; x_wconf 81' lang='lat' dir='ltr'><strong>priori</strong></span> <span class='ocrx_word' id='word_1_110' title='bbox 167 3085 278 3152; x_wconf 87' lang='lat' dir='ltr'>casu,</span> <span class='ocrx_word' id='word_1_111' title='bbox 301 3057 368 3134; x_wconf 91' lang='lat' dir='ltr'>ubi</span> <span class='ocrx_word' id='word_1_112' title='bbox 385 3055 567 3152; x_wconf 85' lang='lat' dir='ltr'>condylus</span> <span class='ocrx_word' id='word_1_113' title='bbox 589 3059 742 3132; x_wconf 77' lang='lat' dir='ltr'>marilian</span> <span class='ocrx_word' id='word_1_114' title='bbox 756 3062 872 3138; x_wconf 91' lang='lat' dir='ltr'>unius</span> <span class='ocrx_word' id='word_1_115' title='bbox 884 3057 970 3146; x_wconf 83' lang='lat' dir='ltr'>late·</span> 
     </span>
     <span class='ocr_line' id='line_1_21' title="bbox 34 3179 973 3270; baseline -0.006 -14"><span class='ocrx_word' id='word_1_116' title='bbox 34 3187 84 3256; x_wconf 88' lang='lat' dir='ltr'>ris</span> <span class='ocrx_word' id='word_1_117' title='bbox 99 3209 120 3256; x_wconf 84' lang='lat' dir='ltr'>e</span> <span class='ocrx_word' id='word_1_118' title='bbox 135 3179 220 3255; x_wconf 83' lang='lat' dir='ltr'>sede</span> <span class='ocrx_word' id='word_1_119' title='bbox 231 3205 296 3253; x_wconf 85' lang='lat' dir='ltr'>sua</span> <span class='ocrx_word' id='word_1_120' title='bbox 311 3179 477 3252; x_wconf 87' lang='lat' dir='ltr'>dimotus</span> <span class='ocrx_word' id='word_1_121' title='bbox 491 3194 564 3270; x_wconf 88' lang='lat' dir='ltr'>est,</span> <span class='ocrx_word' id='word_1_122' title='bbox 579 3181 617 3252; x_wconf 91' lang='lat' dir='ltr'>in</span> <span class='ocrx_word' id='word_1_123' title='bbox 633 3205 712 3252; x_wconf 92' lang='lat' dir='ltr'>uno</span> <span class='ocrx_word' id='word_1_124' title='bbox 727 3179 838 3250; x_wconf 87' lang='lat' dir='ltr'>latere</span> <span class='ocrx_word' id='word_1_125' title='bbox 851 3201 872 3250; x_wconf 88' lang='lat' dir='ltr'>a</span> <span class='ocrx_word' id='word_1_126' title='bbox 886 3201 973 3250; x_wconf 88' lang='lat' dir='ltr'>con·</span> 
     </span>
     <span class='ocr_line' id='line_1_22' title="bbox 34 3295 974 3402; baseline -0.009 -24"><span class='ocrx_word' id='word_1_127' title='bbox 34 3303 124 3396; x_wconf 82' lang='lat' dir='ltr'>dylo</span> <span class='ocrx_word' id='word_1_128' title='bbox 141 3301 268 3376; x_wconf 85' lang='lat' dir='ltr'>luxato</span> <span class='ocrx_word' id='word_1_129' title='bbox 292 3301 543 3402; x_wconf 83' lang='lat' dir='ltr'>prominentia</span> <span class='ocrx_word' id='word_1_130' title='bbox 560 3355 571 3396; x_wconf 82' lang='lat'>,</span> <span class='ocrx_word' id='word_1_131' title='bbox 603 3299 641 3370; x_wconf 94' lang='lat' dir='ltr'>in</span> <span class='ocrx_word' id='word_1_132' title='bbox 657 3298 771 3374; x_wconf 88' lang='lat' dir='ltr'>altero</span> <span class='ocrx_word' id='word_1_133' title='bbox 788 3295 974 3398; x_wconf 84' lang='lat' dir='ltr'>depressio</span> 
     </span>
     <span class='ocr_line' id='line_1_23' title="bbox 34 3417 974 3526; baseline -0.006 -30"><span class='ocrx_word' id='word_1_134' title='bbox 34 3421 272 3512; x_wconf 88' lang='lat' dir='ltr'>observatur,</span> <span class='ocrx_word' id='word_1_135' title='bbox 291 3444 332 3493; x_wconf 88' lang='lat' dir='ltr'>os</span> <span class='ocrx_word' id='word_1_136' title='bbox 354 3418 616 3526; x_wconf 79' lang='lat' dir='ltr'>semiapertum</span> <span class='ocrx_word' id='word_1_137' title='bbox 641 3417 687 3490; x_wconf 87' lang='lat' dir='ltr'>ad</span> <span class='ocrx_word' id='word_1_138' title='bbox 711 3417 807 3491; x_wconf 89' lang='lat' dir='ltr'>latus</span> <span class='ocrx_word' id='word_1_139' title='bbox 826 3432 974 3518; x_wconf 85' lang='lat' dir='ltr'>torque·</span> 
     </span>
     <span class='ocr_line' id='line_1_24' title="bbox 35 3535 974 3636; baseline -0.004 -24"><span class='ocrx_word' id='word_1_140' title='bbox 35 3557 126 3628; x_wconf 90' lang='lat' dir='ltr'>tur,</span> <span class='ocrx_word' id='word_1_141' title='bbox 149 3535 407 3614; x_wconf 85' lang='lat' dir='ltr'>musculorum</span> <span class='ocrx_word' id='word_1_142' title='bbox 431 3536 614 3610; x_wconf 85' lang='lat' dir='ltr'>labiorum</span> <span class='ocrx_word' id='word_1_143' title='bbox 630 3561 814 3636; x_wconf 82' lang='lat' dir='ltr'>spasmus,</span> <span class='ocrx_word' id='word_1_144' title='bbox 835 3535 974 3634; x_wconf 91' lang='lat' dir='ltr'>psellis·</span> 
     </span>
    </p>

    <p class='ocr_par' dir='ltr' id='par_1_6' title="bbox 36 3635 997 3758">
     <span class='ocr_line' id='line_1_25' title="bbox 36 3635 997 3758; baseline -0.006 -30"><span class='ocrx_word' id='word_1_145' title='bbox 36 3683 147 3748; x_wconf 87' lang='lat' dir='ltr'>mus,</span> <span class='ocrx_word' id='word_1_146' title='bbox 179 3657 324 3758; x_wconf 86' lang='lat' dir='ltr'>aliaque</span> <span class='ocrx_word' id='word_1_147' title='bbox 348 3671 615 3756; x_wconf 74' lang='lat' dir='ltr'>symptomata,</span> <span class='ocrx_word' id='word_1_148' title='bbox 638 3655 701 3730; x_wconf 86' lang='lat' dir='ltr'>sed</span> <span class='ocrx_word' id='word_1_149' title='bbox 717 3635 997 3754; x_wconf 70' lang='lat' dir='ltr'>leviorigradu&#39;</span> 
     </span>
    </p>
   </div>
   <div class='ocr_carea' id='block_1_6' title="bbox 35 3775 648 3910">
    <p class='ocr_par' dir='ltr' id='par_1_7' title="bbox 35 3775 648 3910">
     <span class='ocr_line' id='line_1_26' title="bbox 35 3775 648 3910; baseline 0.005 -59"><span class='ocrx_word' id='word_1_150' title='bbox 35 3805 154 3880; x_wconf 89' lang='lat' dir='ltr'>quam</span> <span class='ocrx_word' id='word_1_151' title='bbox 171 3781 210 3852; x_wconf 92' lang='lat' dir='ltr'>in</span> <span class='ocrx_word' id='word_1_152' title='bbox 227 3777 453 3910; x_wconf 45' lang='lat' dir='ltr'>praenitente</span> <span class='ocrx_word' id='word_1_153' title='bbox 462 3835 474 3870; x_wconf 90' lang='lat'><em>,</em></span> <span class='ocrx_word' id='word_1_154' title='bbox 498 3775 648 3854; x_wconf 84' lang='lat' dir='ltr'>adsunt.</span> 
     </span>
    </p>
   </div>
   <div class='ocr_carea' id='block_1_7' title="bbox 0 0 1348 4850">
    <p class='ocr_par' dir='ltr' id='par_1_8' title="bbox 0 0 1348 4850">
     <span class='ocr_line' id='line_1_27' title="bbox 0 0 1348 4850; baseline 0 0"><span class='ocrx_word' id='word_1_155' title='bbox 0 0 1348 4850; x_wconf 95' lang='lat' dir='ltr'> </span> 
     </span>
    </p>
   </div>
  </div>
 </body>
</html>
