2754 4858
306 429 348 498 0.
387 427 455 498 VI.
480 409 760 498 'ONCOSES.
926 417 997 525 607

119 573 181 668 Sp.
214 565 827 667 1.0mphaloncusPlalogiaticue.

118 713 260 780 Tumor
291 705 460 780 umbilici
497 701 826 793 inflammatorius,
852 702 1001 795 dolens3

72 827 297 927 plerumque
324 853 369 900 ex
392 827 633 916 contusione,
663 823 910 915 laceratione,
936 840 1001 898 aut

72 949 149 1020 acri
165 947 349 1048 applicato
363 945 556 1020 oriundus.

124 1115 184 1208 Sp.
212 1137 244 1182 a.
270 1074 549 1210 Omphaloncos
572 1108 889 1224 Apostematodea.
1004 1189 1008 1201 ¹
1112 1072 1115 1083 ¹

125 1271 266 1340 Tumor
295 1266 468 1342 umbilici·
497 1269 727 1380 suppurare?
761 1289 805 1336 aa
833 1263 1005 1365 phlogosi

74 1387 248 1462 umbilici
261 1411 452 1486 pregreua
461 1443 475 1477 ,
487 1386 547 1462 vel
565 1412 610 1460 ex
625 1387 806 1460 metastasi
825 1401 942 1460 ortos.

76 1513 159 1580 Srn.
185 1506 594 1580 Abscessusurnbilicl.·

130 1669 193 1767 Sp.
220 1665 255 1740 3.
281 1665 560 1766 Omphaloncus
575 1666 828 1740 Hoematodes.
878 1775 881 1787 Ι

130 1831 272 1900 Tumor
294 1823 464 1898 umbilici
480 1821 642 1926 lividus,
669 1820 871 1913 fluctuans,
888 1849 908 1899 a
928 1851 1006 1900 san,

81 1949 196 2048 guine
233 1946 273 2016 in
302 1941 557 2044 membranam
589 1921 797 2015 celluldrem
837 1940 1008 2022 umbilici

82 2077 328 2144 extravasa103
344 2059 570 2160 quandoque
592 2060 702 2131 etiam
730 2058 1006 2170 tuberculosus,

82 2211 104 2256 a
124 2185 228 2256 venis
250 2179 420 2254 umbilici
441 2179 613 2252 varicosis
633 2193 747 2251 ortus.
767 2177 919 2253 Morbus
934 2205 1008 2254 ma·

83 2307 180 2377 xime
196 2301 381 2378 infantum
393 2355 404 2390 ‚
417 2299 1009 2396 aeontusione‚laceratione,aut

84 2421 238 2498 vulnere
251 2419 420 2494 umbilici
437 2422 618 2522 originem
637 2419 795 2493 trahens.

95 2655 100 2664 ,
133 2587 196 2685 Sp.
222 2589 257 2672 4.
282 2583 559 2683 Omphaloncus
575 2585 782 2683 deaodea.

141 2747 281 2813 Tumor
297 2739 466 2812 umbilici
496 2743 576 2816 cuti
607 2741 804 2830 concolor,
826 2744 1015 2841 pressione

90 2861 292 2958 crepitans,
303 2859 349 2930 ab
360 2867 441 2930 ae're
454 2887 497 2932 ex
510 2862 756 2958 tympanitide
771 2861 1010 2957 abdominali,

91 2976 149 3050 vel
172 3002 216 3054 ex
233 2975 355 3048 ulcere
372 2991 437 3048 aut
456 2977 609 3054 vulnere
628 2976 822 3070 umbilici,
842 2981 881 3052 in
897 3007 1015 3056 mem-

91 3099 245 3170 branam
262 3096 341 3194 ejus
351 3093 559 3168 cellularem
575 3112 807 3196 penetrante,
820 3099 1015 3174 oriundus.

141 3261 201 3356 up.
228 3255 261 3330 5.
286 3254 565 3355 Omphaloueus
586 3258 842 3356 Hydropicus.

142 3419 284 3490 Tumor
296 3413 342 3488 ab
353 3405 448 3514 aqua
468 3441 511 3488 ex
529 3413 697 3515 hydrope
709 3384 936 3510 abdominis,
952 3388 1017 3498 aui

95 3563 139 3608 ex
155 3535 322 3635 hydrope
338 3535 591 3624 subcutaneo,
622 3537 663 3606 in
683 3537 846 3610 tunicam
864 3524 1024 3614 c'ellulo-

94 3680 171 3730 sam
186 3655 357 3734 umbilici
371 3670 587 3756 penetrante
608 3709 620 3744 ,
640 3669 753 3732 onus.

95 3777 178 3848 Srn.
204 3773 513 3876 Hydmmphalua.
532 3777 646 3854 Auca
