<?xml version="1.0" encoding="UTF-8"?>
<!DOCTYPE html PUBLIC "-//W3C//DTD XHTML 1.0 Transitional//EN"
    "http://www.w3.org/TR/xhtml1/DTD/xhtml1-transitional.dtd">
<html xmlns="http://www.w3.org/1999/xhtml" xml:lang="en" lang="en">
 <head>
  <title>
</title>
<meta http-equiv="Content-Type" content="text/html;charset=utf-8" />
  <meta name='ocr-system' content='tesseract 3.04.00' />
  <meta name='ocr-capabilities' content='ocr_page ocr_carea ocr_par ocr_line ocrx_word'/>
</head>
<body>
  <div class='ocr_page' id='page_1' title='image "./novumnosologiae01swedgoog_0229.png"; bbox 0 0 2810 4860; ppageno 0'>
   <div class='ocr_carea' id='block_1_1' title="bbox 401 325 1243 454">
    <p class='ocr_par' dir='ltr' id='par_1_1' title="bbox 401 325 1243 454">
     <span class='ocr_line' id='line_1_1' title="bbox 401 325 1243 454; baseline 0.013 -14"><span class='ocrx_word' id='word_1_1' title='bbox 401 371 473 454; x_wconf 75' lang='lat'>240</span> <span class='ocrx_word' id='word_1_2' title='bbox 497 371 563 440; x_wconf 81' lang='lat' dir='ltr'>cn.</span> <span class='ocrx_word' id='word_1_3' title='bbox 578 325 637 442; x_wconf 68' lang='lat' dir='ltr'>nr.</span> <span class='ocrx_word' id='word_1_4' title='bbox 655 371 1243 450; x_wconf 72' lang='lat' dir='ltr'>cacnunmnrcucocnrn.</span> 
     </span>
    </p>
   </div>
   <div class='ocr_carea' id='block_1_2' title="bbox 396 509 1402 2273">
    <p class='ocr_par' dir='ltr' id='par_1_2' title="bbox 396 509 1402 2273">
     <span class='ocr_line' id='line_1_2' title="bbox 398 509 1329 612; baseline 0.011 -35"><span class='ocrx_word' id='word_1_5' title='bbox 398 521 595 603; x_wconf 87' lang='lat' dir='ltr'>penetrans</span> <span class='ocrx_word' id='word_1_6' title='bbox 627 509 863 604; x_wconf 86' lang='lat' dir='ltr'>potissimum</span> <span class='ocrx_word' id='word_1_7' title='bbox 886 509 932 580; x_wconf 87' lang='lat' dir='ltr'>ad</span> <span class='ocrx_word' id='word_1_8' title='bbox 958 511 1145 584; x_wconf 87' lang='lat' dir='ltr'>malleolos</span> <span class='ocrx_word' id='word_1_9' title='bbox 1167 513 1329 612; x_wconf 80' lang='lat' dir='ltr'>pedum,</span> 
     </span>
     <span class='ocr_line' id='line_1_3' title="bbox 400 623 1329 720; baseline 0.011 -26"><span class='ocrx_word' id='word_1_10' title='bbox 400 623 446 694; x_wconf 88' lang='lat' dir='ltr'>ad</span> <span class='ocrx_word' id='word_1_11' title='bbox 464 649 606 720; x_wconf 84' lang='lat' dir='ltr'>genua,</span> <span class='ocrx_word' id='word_1_12' title='bbox 634 623 690 696; x_wconf 89' lang='lat' dir='ltr'>vel</span> <span class='ocrx_word' id='word_1_13' title='bbox 712 627 822 696; x_wconf 89' lang='lat' dir='ltr'>etiam</span> <span class='ocrx_word' id='word_1_14' title='bbox 842 627 881 698; x_wconf 92' lang='lat' dir='ltr'>in</span> <span class='ocrx_word' id='word_1_15' title='bbox 903 631 1075 700; x_wconf 89' lang='lat' dir='ltr'>manibus</span> <span class='ocrx_word' id='word_1_16' title='bbox 1095 646 1131 701; x_wconf 89' lang='lat' dir='ltr'>et</span> <span class='ocrx_word' id='word_1_17' title='bbox 1146 631 1329 718; x_wconf 79' lang='lat' dir='ltr'>brachiis,</span> 
     </span>
     <span class='ocr_line' id='line_1_4' title="bbox 399 742 1330 846; baseline 0.009 -36"><span class='ocrx_word' id='word_1_18' title='bbox 399 743 440 810; x_wconf 89' lang='lat' dir='ltr'>in</span> <span class='ocrx_word' id='word_1_19' title='bbox 457 745 583 814; x_wconf 90' lang='lat' dir='ltr'>tunica</span> <span class='ocrx_word' id='word_1_20' title='bbox 600 742 765 814; x_wconf 86' lang='lat' dir='ltr'>cellulari</span> <span class='ocrx_word' id='word_1_21' title='bbox 778 744 848 816; x_wconf 87' lang='lat' dir='ltr'>sub</span> <span class='ocrx_word' id='word_1_22' title='bbox 858 761 942 815; x_wconf 87' lang='lat' dir='ltr'>cute</span> <span class='ocrx_word' id='word_1_23' title='bbox 955 747 1169 833; x_wconf 86' lang='lat' dir='ltr'>nidulatur,</span> <span class='ocrx_word' id='word_1_24' title='bbox 1201 748 1330 846; x_wconf 85' lang='lat' dir='ltr'>ibique</span> 
     </span>
     <span class='ocr_line' id='line_1_5' title="bbox 398 863 1402 960; baseline 0.008 -31"><span class='ocrx_word' id='word_1_25' title='bbox 398 864 523 958; x_wconf 89' lang='lat' dir='ltr'>primo</span> <span class='ocrx_word' id='word_1_26' title='bbox 547 866 734 960; x_wconf 84' lang='lat' dir='ltr'>ingentem</span> <span class='ocrx_word' id='word_1_27' title='bbox 754 863 918 936; x_wconf 87' lang='lat' dir='ltr'>dolorem</span> <span class='ocrx_word' id='word_1_28' title='bbox 934 881 970 936; x_wconf 88' lang='lat' dir='ltr'>et</span> <span class='ocrx_word' id='word_1_29' title='bbox 995 865 1328 938; x_wconf 86' lang='lat' dir='ltr'>inflammationem</span> <span class='ocrx_word' id='word_1_30' title='bbox 1401 917 1402 928; x_wconf 23' lang='grc' dir='ltr'><strong>η</strong></span> 
     </span>
     <span class='ocr_line' id='line_1_6' title="bbox 396 980 1330 1074; baseline 0.005 -23"><span class='ocrx_word' id='word_1_31' title='bbox 396 1002 439 1051; x_wconf 84' lang='lat' dir='ltr'>ac</span> <span class='ocrx_word' id='word_1_32' title='bbox 454 996 637 1054; x_wconf 85' lang='lat' dir='ltr'>tumorem</span> <span class='ocrx_word' id='word_1_33' title='bbox 658 1006 745 1052; x_wconf 85' lang='lat' dir='ltr'>curu</span> <span class='ocrx_word' id='word_1_34' title='bbox 763 980 862 1053; x_wconf 82' lang='lat' dir='ltr'>febre</span> <span class='ocrx_word' id='word_1_35' title='bbox 885 983 1046 1056; x_wconf 86' lang='lat' dir='ltr'>violenta</span> <span class='ocrx_word' id='word_1_36' title='bbox 1063 987 1218 1074; x_wconf 82' lang='lat' dir='ltr'>excitat,</span> <span class='ocrx_word' id='word_1_37' title='bbox 1250 1002 1330 1056; x_wconf 87' lang='lat' dir='ltr'>tan·</span> 
     </span>
     <span class='ocr_line' id='line_1_7' title="bbox 401 1095 1331 1202; baseline 0.008 -35"><span class='ocrx_word' id='word_1_38' title='bbox 401 1095 485 1168; x_wconf 90' lang='lat' dir='ltr'>dem</span> <span class='ocrx_word' id='word_1_39' title='bbox 502 1101 540 1169; x_wconf 94' lang='lat' dir='ltr'>in</span> <span class='ocrx_word' id='word_1_40' title='bbox 553 1098 742 1197; x_wconf 83' lang='lat' dir='ltr'><strong>pustulam</strong></span> <span class='ocrx_word' id='word_1_41' title='bbox 758 1115 796 1170; x_wconf 86' lang='lat' dir='ltr'>et</span> <span class='ocrx_word' id='word_1_42' title='bbox 806 1116 990 1200; x_wconf 83' lang='lat' dir='ltr'>apostema</span> <span class='ocrx_word' id='word_1_43' title='bbox 1004 1101 1209 1194; x_wconf 78' lang='lat' dir='ltr'>abientern,</span> <span class='ocrx_word' id='word_1_44' title='bbox 1226 1103 1331 1202; x_wconf 88' lang='lat' dir='ltr'><strong>quod</strong></span> 
     </span>
     <span class='ocr_line' id='line_1_8' title="bbox 400 1217 1333 1320; baseline 0.004 -32"><span class='ocrx_word' id='word_1_45' title='bbox 400 1222 518 1315; x_wconf 87' lang='lat' dir='ltr'>capite</span> <span class='ocrx_word' id='word_1_46' title='bbox 535 1217 711 1315; x_wconf 82' lang='lat' dir='ltr'>persorat3</span> <span class='ocrx_word' id='word_1_47' title='bbox 737 1234 902 1318; x_wconf 91' lang='lat' dir='ltr'>tuncque</span> <span class='ocrx_word' id='word_1_48' title='bbox 917 1221 1122 1318; x_wconf 83' lang='lat' dir='ltr'>prehensus</span> <span class='ocrx_word' id='word_1_49' title='bbox 1138 1238 1174 1294; x_wconf 88' lang='lat' dir='ltr'>et</span> <span class='ocrx_word' id='word_1_50' title='bbox 1186 1247 1333 1320; x_wconf 77' lang='lat' dir='ltr'>papyro</span> 
     </span>
     <span class='ocr_line' id='line_1_9' title="bbox 400 1337 1334 1438; baseline -0.002 -26"><span class='ocrx_word' id='word_1_51' title='bbox 400 1337 619 1426; x_wconf 83' lang='lat' dir='ltr'>obvolutus,</span> <span class='ocrx_word' id='word_1_52' title='bbox 645 1355 689 1410; x_wconf 94' lang='lat' dir='ltr'>ut</span> <span class='ocrx_word' id='word_1_53' title='bbox 710 1365 785 1414; x_wconf 84' lang='lat' dir='ltr'>sese</span> <span class='ocrx_word' id='word_1_54' title='bbox 803 1341 985 1412; x_wconf 89' lang='lat' dir='ltr'>retrahere</span> <span class='ocrx_word' id='word_1_55' title='bbox 1007 1358 1197 1438; x_wconf 86' lang='lat' dir='ltr'>nequeat,</span> <span class='ocrx_word' id='word_1_56' title='bbox 1224 1345 1334 1414; x_wconf 89' lang='lat' dir='ltr'>omni</span> 
     </span>
     <span class='ocr_line' id='line_1_10' title="bbox 400 1458 1334 1557; baseline 0 -27"><span class='ocrx_word' id='word_1_57' title='bbox 400 1458 462 1530; x_wconf 89' lang='lat' dir='ltr'>die</span> <span class='ocrx_word' id='word_1_58' title='bbox 481 1475 586 1530; x_wconf 89' lang='lat' dir='ltr'>caute</span> <span class='ocrx_word' id='word_1_59' title='bbox 610 1475 647 1530; x_wconf 89' lang='lat' dir='ltr'>et</span> <span class='ocrx_word' id='word_1_60' title='bbox 669 1459 802 1532; x_wconf 87' lang='lat' dir='ltr'>leniter</span> <span class='ocrx_word' id='word_1_61' title='bbox 820 1459 1019 1552; x_wconf 82' lang='lat' dir='ltr'>trahendo,</span> <span class='ocrx_word' id='word_1_62' title='bbox 1045 1485 1092 1532; x_wconf 94' lang='lat' dir='ltr'>ne</span> <span class='ocrx_word' id='word_1_63' title='bbox 1111 1475 1334 1557; x_wconf 79' lang='lat' dir='ltr'><strong>rumpatur,</strong></span> 
     </span>
     <span class='ocr_line' id='line_1_11' title="bbox 401 1577 1330 1676; baseline -0.002 -26"><span class='ocrx_word' id='word_1_64' title='bbox 401 1577 549 1650; x_wconf 87' lang='lat' dir='ltr'>tandem</span> <span class='ocrx_word' id='word_1_65' title='bbox 560 1605 628 1676; x_wconf 90' lang='lat' dir='ltr'>pro</span> <span class='ocrx_word' id='word_1_66' title='bbox 640 1579 875 1676; x_wconf 85' lang='lat' dir='ltr'><strong>longitudine</strong></span> <span class='ocrx_word' id='word_1_67' title='bbox 886 1580 965 1674; x_wconf 88' lang='lat' dir='ltr'>ejus</span> <span class='ocrx_word' id='word_1_68' title='bbox 976 1579 1106 1674; x_wconf 87' lang='lat' dir='ltr'>majori</span> <span class='ocrx_word' id='word_1_69' title='bbox 1118 1578 1174 1649; x_wconf 89' lang='lat' dir='ltr'>vel</span> <span class='ocrx_word' id='word_1_70' title='bbox 1188 1581 1330 1650; x_wconf 90' lang='lat' dir='ltr'>minori</span> 
     </span>
     <span class='ocr_line' id='line_1_12' title="bbox 399 1695 1330 1784; baseline -0.001 -15"><span class='ocrx_word' id='word_1_71' title='bbox 399 1700 510 1770; x_wconf 84' lang='lat' dir='ltr'>eitius</span> <span class='ocrx_word' id='word_1_72' title='bbox 527 1699 583 1769; x_wconf 81' lang='lat' dir='ltr'>vel</span> <span class='ocrx_word' id='word_1_73' title='bbox 602 1697 741 1768; x_wconf 83' lang='lat' dir='ltr'>tardius</span> <span class='ocrx_word' id='word_1_74' title='bbox 758 1713 858 1768; x_wconf 80' lang='lat' dir='ltr'>totus</span> <span class='ocrx_word' id='word_1_75' title='bbox 875 1695 1028 1768; x_wconf 76' lang='lat' dir='ltr'>feliciter</span> <span class='ocrx_word' id='word_1_76' title='bbox 1046 1695 1269 1784; x_wconf 81' lang='lat' dir='ltr'>extrahitur,</span> <span class='ocrx_word' id='word_1_77' title='bbox 1293 1713 1330 1768; x_wconf 86' lang='lat' dir='ltr'>et</span> 
     </span>
     <span class='ocr_line' id='line_1_13' title="bbox 401 1815 1332 1912; baseline -0.002 -24"><span class='ocrx_word' id='word_1_78' title='bbox 401 1818 508 1890; x_wconf 88' lang='lat' dir='ltr'>ulcus</span> <span class='ocrx_word' id='word_1_79' title='bbox 533 1821 606 1890; x_wconf 90' lang='lat' dir='ltr'>cito</span> <span class='ocrx_word' id='word_1_80' title='bbox 635 1832 794 1888; x_wconf 87' lang='lat' dir='ltr'>sanatur.</span> <span class='ocrx_word' id='word_1_81' title='bbox 824 1819 861 1886; x_wconf 88' lang='lat' dir='ltr'>Si</span> <span class='ocrx_word' id='word_1_82' title='bbox 891 1815 1164 1887; x_wconf 81' lang='lat' dir='ltr'>accidentaliter</span> <span class='ocrx_word' id='word_1_83' title='bbox 1186 1817 1332 1912; x_wconf 89' lang='lat' dir='ltr'>rumpi·</span> 
     </span>
     <span class='ocr_line' id='line_1_14' title="bbox 402 1933 1402 2036; baseline -0.004 -28"><span class='ocrx_word' id='word_1_84' title='bbox 402 1953 483 2027; x_wconf 91' lang='lat' dir='ltr'>tur,</span> <span class='ocrx_word' id='word_1_85' title='bbox 517 1965 601 2036; x_wconf 84' lang='lat' dir='ltr'>pars</span> <span class='ocrx_word' id='word_1_86' title='bbox 637 1939 761 2010; x_wconf 88' lang='lat' dir='ltr'>relicta</span> <span class='ocrx_word' id='word_1_87' title='bbox 790 1936 1040 2034; x_wconf 88' lang='lat' dir='ltr'>utplurimum</span> <span class='ocrx_word' id='word_1_88' title='bbox 1070 1933 1330 2006; x_wconf 87' lang='lat' dir='ltr'>vehementem</span> <span class='ocrx_word' id='word_1_89' title='bbox 1401 1971 1402 2004; x_wconf 67' lang='lat'><em>2</em></span> 
     </span>
     <span class='ocr_line' id='line_1_15' title="bbox 402 2055 1330 2153; baseline 0.002 -27"><span class='ocrx_word' id='word_1_90' title='bbox 402 2055 731 2128; x_wconf 87' lang='lat' dir='ltr'>inflammationem</span> <span class='ocrx_word' id='word_1_91' title='bbox 752 2071 787 2126; x_wconf 92' lang='lat' dir='ltr'>et</span> <span class='ocrx_word' id='word_1_92' title='bbox 813 2055 994 2126; x_wconf 72' lang='lat' dir='ltr'>taediosam</span> <span class='ocrx_word' id='word_1_93' title='bbox 1018 2058 1330 2153; x_wconf 88' lang='lat' dir='ltr'>suppurationem</span> 
     </span>
     <span class='ocr_line' id='line_1_16' title="bbox 403 2173 1402 2273; baseline 0.005 -27"><span class='ocrx_word' id='word_1_94' title='bbox 403 2175 443 2246; x_wconf 83' lang='lat' dir='ltr'>in</span> <span class='ocrx_word' id='word_1_95' title='bbox 464 2176 574 2246; x_wconf 85' lang='lat' dir='ltr'>variis</span> <span class='ocrx_word' id='word_1_96' title='bbox 591 2175 749 2246; x_wconf 91' lang='lat' dir='ltr'>membri</span> <span class='ocrx_word' id='word_1_97' title='bbox 766 2173 886 2246; x_wconf 79' lang='lat' dir='ltr'>affecti</span> <span class='ocrx_word' id='word_1_98' title='bbox 903 2175 1072 2273; x_wconf 82' lang='lat' dir='ltr'>partibus</span> <span class='ocrx_word' id='word_1_99' title='bbox 1094 2176 1281 2273; x_wconf 73' lang='lat' dir='ltr'>producit.</span> <span class='ocrx_word' id='word_1_100' title='bbox 1401 2219 1402 2230; x_wconf 25' lang='grc' dir='ltr'><strong>κ</strong></span> 
     </span>
    </p>
   </div>
   <div class='ocr_carea' id='block_1_3' title="bbox 451 2377 728 2466">
    <p class='ocr_par' dir='ltr' id='par_1_3' title="bbox 451 2377 728 2466">
     <span class='ocr_line' id='line_1_17' title="bbox 451 2377 728 2466; baseline 0.014 -25"><span class='ocrx_word' id='word_1_101' title='bbox 451 2377 496 2443; x_wconf 90' lang='lat' dir='ltr'>ll.</span> <span class='ocrx_word' id='word_1_102' title='bbox 547 2377 728 2466; x_wconf 80' lang='lat' dir='ltr'>Hydalie.</span> 
     </span>
    </p>
   </div>
   <div class='ocr_carea' id='block_1_4' title="bbox 400 2533 1333 2750">
    <p class='ocr_par' dir='ltr' id='par_1_4' title="bbox 400 2533 1333 2750">
     <span class='ocr_line' id='line_1_18' title="bbox 451 2533 1333 2631; baseline 0.008 -29"><span class='ocrx_word' id='word_1_103' title='bbox 451 2533 595 2604; x_wconf 82' lang='lat' dir='ltr'>Vermis</span> <span class='ocrx_word' id='word_1_104' title='bbox 616 2534 735 2629; x_wconf 88' lang='lat' dir='ltr'>capite</span> <span class='ocrx_word' id='word_1_105' title='bbox 759 2545 922 2618; x_wconf 89' lang='lat' dir='ltr'>armato,</span> <span class='ocrx_word' id='word_1_106' title='bbox 948 2557 1102 2631; x_wconf 89' lang='lat' dir='ltr'>corpore</span> <span class='ocrx_word' id='word_1_107' title='bbox 1132 2533 1333 2609; x_wconf 85' lang='lat' dir='ltr'>taeniformi</span> 
     </span>
     <span class='ocr_line' id='line_1_19' title="bbox 400 2650 1181 2750; baseline 0.003 -28"><span class='ocrx_word' id='word_1_108' title='bbox 400 2655 441 2722; x_wconf 91' lang='lat' dir='ltr'>in</span> <span class='ocrx_word' id='word_1_109' title='bbox 459 2651 615 2722; x_wconf 87' lang='lat' dir='ltr'>vesicam</span> <span class='ocrx_word' id='word_1_110' title='bbox 640 2650 851 2738; x_wconf 73' lang='lat' dir='ltr'>desinente,</span> <span class='ocrx_word' id='word_1_111' title='bbox 868 2675 931 2722; x_wconf 89' lang='lat' dir='ltr'>ore</span> <span class='ocrx_word' id='word_1_112' title='bbox 950 2651 1181 2750; x_wconf 89' lang='lat' dir='ltr'>quadrilobo.</span> 
     </span>
    </p>
   </div>
   <div class='ocr_carea' id='block_1_5' title="bbox 448 2827 817 2924">
    <p class='ocr_par' dir='ltr' id='par_1_5' title="bbox 448 2827 817 2924">
     <span class='ocr_line' id='line_1_20' title="bbox 448 2827 817 2924; baseline 0 -24"><span class='ocrx_word' id='word_1_113' title='bbox 448 2829 498 2900; x_wconf 84' lang='lat' dir='ltr'><em>H</em></span> <span class='ocrx_word' id='word_1_114' title='bbox 489 2831 622 2924; x_wconf 81' lang='lat' dir='ltr'>ydatie</span> <span class='ocrx_word' id='word_1_115' title='bbox 641 2827 817 2902; x_wconf 77' lang='lat' dir='ltr'>humana.</span> 
     </span>
    </p>
   </div>
   <div class='ocr_carea' id='block_1_6' title="bbox 395 3005 1368 3825">
    <p class='ocr_par' dir='ltr' id='par_1_6' title="bbox 398 3005 1335 3222">
     <span class='ocr_line' id='line_1_21' title="bbox 446 3005 1335 3106; baseline 0.012 -29"><span class='ocrx_word' id='word_1_116' title='bbox 446 3009 561 3104; x_wconf 86' lang='lat' dir='ltr'>Capsa</span> <span class='ocrx_word' id='word_1_117' title='bbox 587 3005 747 3102; x_wconf 79' lang='lat' dir='ltr'>reginali</span> <span class='ocrx_word' id='word_1_118' title='bbox 770 3007 1025 3106; x_wconf 84' lang='lat' dir='ltr'>cartilaginea,</span> <span class='ocrx_word' id='word_1_119' title='bbox 1052 3006 1212 3084; x_wconf 86' lang='lat' dir='ltr'>vesicula</span> <span class='ocrx_word' id='word_1_120' title='bbox 1240 3037 1335 3088; x_wconf 84' lang='lat' dir='ltr'>cau-</span> 
     </span>
     <span class='ocr_line' id='line_1_22' title="bbox 398 3121 938 3222; baseline 0 -27"><span class='ocrx_word' id='word_1_121' title='bbox 398 3125 499 3214; x_wconf 86' lang='lat' dir='ltr'>data,</span> <span class='ocrx_word' id='word_1_122' title='bbox 517 3121 684 3222; x_wconf 88' lang='lat' dir='ltr'>apicibus</span> <span class='ocrx_word' id='word_1_123' title='bbox 706 3123 859 3198; x_wconf 82' lang='lat' dir='ltr'>obtusis.</span> <span class='ocrx_word' id='word_1_124' title='bbox 934 3207 938 3218; x_wconf 29' lang='grc' dir='ltr'>Ι</span> 
     </span>
    </p>

    <p class='ocr_par' dir='ltr' id='par_1_7' title="bbox 395 3243 1368 3825">
     <span class='ocr_line' id='line_1_23' title="bbox 447 3243 1334 3346; baseline 0.011 -32"><span class='ocrx_word' id='word_1_125' title='bbox 447 3249 490 3316; x_wconf 92' lang='lat' dir='ltr'>ln</span> <span class='ocrx_word' id='word_1_126' title='bbox 513 3243 799 3344; x_wconf 89' lang='lat' dir='ltr'>parencbymate</span> <span class='ocrx_word' id='word_1_127' title='bbox 818 3247 998 3318; x_wconf 82' lang='lat' dir='ltr'>viscerum</span> <span class='ocrx_word' id='word_1_128' title='bbox 1020 3251 1246 3346; x_wconf 72' lang='lat' dir='ltr'>praeprimis,</span> <span class='ocrx_word' id='word_1_129' title='bbox 1263 3271 1334 3324; x_wconf 87' lang='lat' dir='ltr'>aut</span> 
     </span>
     <span class='ocr_line' id='line_1_24' title="bbox 396 3363 1334 3454; baseline 0.009 -18"><span class='ocrx_word' id='word_1_130' title='bbox 396 3369 437 3438; x_wconf 90' lang='lat' dir='ltr'>in</span> <span class='ocrx_word' id='word_1_131' title='bbox 464 3363 677 3436; x_wconf 84' lang='lat' dir='ltr'>membrana</span> <span class='ocrx_word' id='word_1_132' title='bbox 706 3365 878 3437; x_wconf 79' lang='lat' dir='ltr'>cellulosa</span> <span class='ocrx_word' id='word_1_133' title='bbox 892 3421 904 3454; x_wconf 96' lang='lat'>,</span> <span class='ocrx_word' id='word_1_134' title='bbox 933 3367 990 3438; x_wconf 88' lang='lat' dir='ltr'>vel</span> <span class='ocrx_word' id='word_1_135' title='bbox 1023 3370 1062 3438; x_wconf 90' lang='lat' dir='ltr'>in</span> <span class='ocrx_word' id='word_1_136' title='bbox 1092 3371 1227 3440; x_wconf 75' lang='lat' dir='ltr'>orariis</span> <span class='ocrx_word' id='word_1_137' title='bbox 1263 3391 1334 3444; x_wconf 88' lang='lat' dir='ltr'>aut</span> 
     </span>
     <span class='ocr_line' id='line_1_25' title="bbox 395 3484 1334 3588; baseline 0.014 -36"><span class='ocrx_word' id='word_1_138' title='bbox 395 3484 505 3553; x_wconf 86' lang='lat' dir='ltr'>etiarn</span> <span class='ocrx_word' id='word_1_139' title='bbox 530 3485 568 3553; x_wconf 94' lang='lat' dir='ltr'>in</span> <span class='ocrx_word' id='word_1_140' title='bbox 591 3509 680 3555; x_wconf 86' lang='lat' dir='ltr'>cavo</span> <span class='ocrx_word' id='word_1_141' title='bbox 699 3487 794 3556; x_wconf 88' lang='lat' dir='ltr'>uteri</span> <span class='ocrx_word' id='word_1_142' title='bbox 817 3485 874 3556; x_wconf 82' lang='lat' dir='ltr'>rel</span> <span class='ocrx_word' id='word_1_143' title='bbox 896 3485 1128 3578; x_wconf 88' lang='lat' dir='ltr'>abdominis,</span> <span class='ocrx_word' id='word_1_144' title='bbox 1148 3487 1334 3588; x_wconf 80' lang='lat' dir='ltr'>pectoris,</span> 
     </span>
     <span class='ocr_line' id='line_1_26' title="bbox 397 3599 1368 3702; baseline 0.013 -33"><span class='ocrx_word' id='word_1_145' title='bbox 397 3601 512 3669; x_wconf 88' lang='lat' dir='ltr'>cranii</span> <span class='ocrx_word' id='word_1_146' title='bbox 528 3613 584 3669; x_wconf 90' lang='lat' dir='ltr'>etc</span> <span class='ocrx_word' id='word_1_147' title='bbox 612 3599 774 3672; x_wconf 89' lang='lat' dir='ltr'>hominis</span> <span class='ocrx_word' id='word_1_148' title='bbox 791 3602 994 3702; x_wconf 88' lang='lat' dir='ltr'>hospitans,</span> <span class='ocrx_word' id='word_1_149' title='bbox 1013 3604 1084 3676; x_wconf 85' lang='lat' dir='ltr'>sub</span> <span class='ocrx_word' id='word_1_150' title='bbox 1101 3605 1219 3678; x_wconf 87' lang='lat' dir='ltr'>lorma</span> <span class='ocrx_word' id='word_1_151' title='bbox 1238 3615 1334 3682; x_wconf 80' lang='lat' dir='ltr'>vesi·</span> <span class='ocrx_word' id='word_1_152' title='bbox 1366 3677 1368 3682; x_wconf 89' lang='lat'><em>.</em></span> 
     </span>
     <span class='ocr_line' id='line_1_27' title="bbox 400 3715 1333 3825; baseline 0.019 -38"><span class='ocrx_word' id='word_1_153' title='bbox 400 3715 587 3806; x_wconf 84' lang='lat' dir='ltr'>cularum,</span> <span class='ocrx_word' id='word_1_154' title='bbox 606 3717 763 3809; x_wconf 69' lang='lat' dir='ltr'>humore</span> <span class='ocrx_word' id='word_1_155' title='bbox 778 3720 935 3822; x_wconf 89' lang='lat' dir='ltr'>limpido</span> <span class='ocrx_word' id='word_1_156' title='bbox 950 3721 1193 3822; x_wconf 81' lang='lat' dir='ltr'>repletarum3</span> <span class='ocrx_word' id='word_1_157' title='bbox 1208 3755 1333 3825; x_wconf 87' lang='lat' dir='ltr'>quan-</span> 
     </span>
    </p>
   </div>
   <div class='ocr_carea' id='block_1_7' title="bbox 1200 3846 1334 3948">
    <p class='ocr_par' dir='ltr' id='par_1_8' title="bbox 1200 3846 1334 3948">
     <span class='ocr_line' id='line_1_28' title="bbox 1200 3846 1334 3948; baseline 0.037 -30"><span class='ocrx_word' id='word_1_158' title='bbox 1200 3846 1334 3948; x_wconf 81' lang='lat' dir='ltr'>doque</span> 
     </span>
    </p>
   </div>
   <div class='ocr_carea' id='block_1_8' title="bbox 0 0 1414 4860">
    <p class='ocr_par' dir='ltr' id='par_1_9' title="bbox 0 0 1414 4860">
     <span class='ocr_line' id='line_1_29' title="bbox 0 0 1414 4860; baseline 0 0"><span class='ocrx_word' id='word_1_159' title='bbox 0 0 1414 4860; x_wconf 95' lang='lat' dir='ltr'> </span> 
     </span>
    </p>
   </div>
  </div>
 </body>
</html>
