2792 4852
278 476 322 546 0.
354 473 410 543 11.
445 468 785 574 utspuoutm
926 463 997 570 ‘337

123 631 328 709 Vaenur:

72 829 103 868 a.
128 801 156 868 A
176 791 365 868 debilitate
377 850 387 886 ,
401 795 562 896 paralysi
577 851 587 884 ,
605 794 663 867 vel
688 820 708 866 a
732 797 1003 906 comppessione

124 931 189 986 aut
199 915 414 986 discissione
430 940 630 987 nervorum
646 917 930 988 recurrentium.

74 1039 105 1126 β.
131 1035 184 1108 Ab
197 1035 445 1132 asthenopyra
466 1034 524 1107 vel
541 1033 841 1134 septorrbepyra.

75 1187 102 1250 y.
128 1153 184 1226 Ab
194 1152 491 1226 exhalationibus
505 1155 635 1226 noxiis.
990 1131 996 1140 ¹

76 1277 100 1346 δ.
129 1282 332 1373 Aspasmo.

77 1424 101 1465 ε.
130 1393 186 1464 Ab
204 1393 417 1485 hyosciamo
430 1410 633 1494 assumpto.

76 1523 105 1595 ζ.
131 1511 184 1584 Ab
204 1511 390 1585 ebrietate.

79 1661 106 1712 η.
132 1633 160 1702 Α
183 1629 314 1728 frigida
332 1629 521 1728 deglutita.
588 1653 593 1662 ·

127 1809 188 1903 Sp.
216 1808 249 1890 4.
275 1805 444 1905 Aphonia
461 1811 712 1883 Metastatica.

130 1969 331 2038 Varus.-

81 2155 108 2198 a.
134 2123 323 2196 Adiadexi
344 2123 467 2196 lactea.

81 2247 110 2336 β.
138 2259 166 2319 A
184 2245 344 2344 podagra
363 2247 580 2334 aberrante,
598 2245 862 2320 retrocedente.

82 2395 108 2458 γ.
133 2381 160 2438 A
177 2365 332 2456 variota,
346 2365 521 2454 rubeola‚
536 2381 603 2438 etc.
628 2365 954 2440 retrocedentibus.

82 2487 108 2556 d.
133 2485 188 2560 Ab
203 2487 402 2577 bohemia,
416 2487 658 2598 ispbolocbia‚
676 2488 912 2561 isohomeuia.

85 2634 106 2675 ε.
131 2613 158 2680 A
178 2607 319 2680 morbis
334 2611 453 2699 cutis,
476 2608 620 2698 ulcere,
647 2607 858 2701 fonticulo,
876 2607 1011 2684 sudore

133 2741 200 2799 etc.
225 2731 440 2826 suppressis.

86 2855 121 2928 t·
136 2853 163 2920 A
178 2846 368 2946 refrigerio
382 2851 534 2950 capitis,
550 2849 647 2923 colli.

131 3029 192 3123 Sp.
222 3023 258 3099 5.
284 3027 456 3126 Aphonia
471 3031 665 3110 Stcuotica.

140 3191 368 3262 thrAr:

88 3377 115 3420 α.
139 3347 192 3421 Ab
211 3363 435 3448 apostemate
445 3347 609 3422 faucium
619 3346 735 3421 aliove
746 3361 908 3444 tumore,
922 3346 1011 3446 glot·

135 3469 247 3541 tidem
269 3468 328 3542 vel
347 3469 529 3541 tracheam
545 3471 825 3566 comprimente.

88 3591 118 3678 β.
142 3596 171 3662 A
186 3588 328 3662 calculo
346 3588 505 3660 tracheae.

88 3737 117 3799 y·
141 3723 166 3782 A
188 3724 336 3782 tumore
358 3707 539 3805 glandulae
559 3705 758 3800 thyroideae
773 3761 784 3798 ,
798 3703 856 3779 vel
877 3703 1009 3804 thymi.

89 3825 116 3894 δ.
140 3825 448 3901 Abonevrismate
461 3841 580 3900 aortae.

218 3971 240 4016 2
830 3941 866 4012 X
