2754 4858
192 453 692 524 .0.v1.01tcos135.
778 494 786 512 ·
871 455 942 547 543

21 611 55 656 a.
76 589 117 656 In
133 586 376 665 antibraohio.
455 635 460 650 ·

21 703 49 777 3.
77 709 119 778 In
142 709 327 782 manibus.

64 887 127 984 Sp.
154 913 185 968 ι.
210 853 458 966 Brachioocus
474 877 741 990 Pttogotous.

63 1065 207 1135 Tumor
225 1061 367 1140 brachii
394 1059 533 1153 calore,
568 1059 696 1142 dolore
709 1117 723 1151 ‚
747 1076 784 1134 et
809 1061 944 1170 robore

21 1180 182 1278 ttipatus.

61 1362 224 1435 vanua
238 1372 282 1434 ut
297 1361 495 1440 Stolonem
510 1360 775 1456 Phlogiatt‘ous.
796 1361 805 1383 ’

57 1539 120 1631 Sp.
149 1563 183 1608 a.
212 1537 463 1615 Braohioncua
479 1541 797 1644 Apotomotodes.

57 1742 200 1816 Tumor
230 1737 401 1827 brachii,
426 1761 470 1814 ex
491 1735 663 1836 phlogosi
678 1753 745 1812 aut
764 1745 946 1818 motastasi

21 1881 230 1957 progressa,
248 1859 290 1934 in
306 1858 617 1960 suppurationem
631 1856 770 1936 attens.
801 1911 811 1936 .

55 2041 118 2138 Sp.
146 2037 183 2110 3.
211 2033 462 2108 Bmchioncus
480 1987 655 2126 ⁸Lacteus.

54 2223 201 2290 Tumor
217 2212 362 2286 brachii
375 2238 419 2286 ex
442 2212 527 2286 albo
544 2213 765 2302 flaveaoem,
786 2213 953 2307 midos,

21 2333 235 2434 plendens,
259 2332 461 2425 elastious,
492 2329 657 2414 foeminis
685 2346 771 2436 post
800 2349 952 2438 partum

22 2455 164 2530 nsestus
190 2509 202 2546 ,
233 2479 276 2526 ex
308 2451 541 2526 aberratione
569 2467 636 2526 aut
669 2451 813 2538 diadexi
847 2455 951 2532 lactis

22 2575 222 2670 »riunduo3
241 2571 466 2672 plerumque
483 2573 523 2642 in
536 2575 723 2670 apostema
741 2573 899 2648 lacteum
914 2591 953 2650 et

22 2697 137 2770 tlcera
163 2693 304 2766 abiens.
331 2693 517 2763 —Initio
539 2693 659 2765 tensio
683 2708 720 2764 et
744 2693 856 2767 dolor
878 2695 950 2768 sub

26 2815 157 2902 xillis3
178 2811 293 2884 altero
306 2811 382 2900 die,
401 2809 528 2884 eadem
542 2827 790 2910 symptomata
808 2816 849 2887 in
863 2813 947 2888 bra-

26 2933 96 3004 hio
110 2944 150 3001 et
167 2931 207 3000 in
219 2927 476 3000 articulatione
493 2926 634 3018 cubiti,
648 2930 842 3002 accedente
860 2931 953 3004 inte·

24 3079 67 3128 ea
83 3067 259 3138 tumore,
277 3047 414 3122 rubore
429 3061 465 3123 et
479 3045 598 3126 calore
619 3047 690 3128 tub
712 3047 851 3137 axillist
879 3049 951 3120 de-

24 3193 120 3244 oum
142 3167 289 3258 tensio,
314 3181 352 3238 et
376 3163 483 3241 dolor
499 3165 723 3242 antibrachii
741 3183 778 3239 et
795 3191 952 3256 manus,

24 3303 241 3391 nsequente
268 3302 393 3388 postea
422 3302 568 3361 tumore
595 3301 632 3358 et
656 3284 794 3358 rubore
822 3311 954 3359 earun-

25 3437 95 3486 .em
127 3411 309 3508 partium.

55 3572 127 3666 Sp.
159 3569 193 3656 4.
216 3564 465 3645 auctionem
478 3567 736 3648 Homatocteae.

54 3733 209 3800 Tumor
221 3723 365 3802 hmohii
378 3724 435 3802 vel
454 3747 610 3818 menos,
638 3747 682 3796 ex
698 3723 882 3820 sanguine
899 3747 957 3794 ex·

26 3857 334 3922 ravasatoortus.
661 3883 666 3894 ·

684 3963 716 4030 L
743 3957 757 4030 l
783 3983 804 4030 a
