<?xml version="1.0" encoding="UTF-8"?>
<!DOCTYPE html PUBLIC "-//W3C//DTD XHTML 1.0 Transitional//EN"
    "http://www.w3.org/TR/xhtml1/DTD/xhtml1-transitional.dtd">
<html xmlns="http://www.w3.org/1999/xhtml" xml:lang="en" lang="en">
 <head>
  <title>
</title>
<meta http-equiv="Content-Type" content="text/html;charset=utf-8" />
  <meta name='ocr-system' content='tesseract 3.04.00' />
  <meta name='ocr-capabilities' content='ocr_page ocr_carea ocr_par ocr_line ocrx_word'/>
</head>
<body>
  <div class='ocr_page' id='page_1' title='image "./novumnosologiae01swedgoog_0024.png"; bbox 0 0 2902 4860; ppageno 0'>
   <div class='ocr_carea' id='block_1_1' title="bbox 375 451 1066 546">
    <p class='ocr_par' dir='ltr' id='par_1_1' title="bbox 375 451 1066 546">
     <span class='ocr_line' id='line_1_1' title="bbox 375 451 1066 546; baseline 0.014 -24"><span class='ocrx_word' id='word_1_1' title='bbox 375 451 439 522; x_wconf 87' lang='grc' dir='ltr'><strong>ΕΤ</strong></span> <span class='ocrx_word' id='word_1_2' title='bbox 465 453 844 531; x_wconf 81' lang='lat' dir='ltr'><strong>CACOCHYMIAE.</strong></span> <span class='ocrx_word' id='word_1_3' title='bbox 1044 481 1066 546; x_wconf 86' lang='lat'><em>9</em></span> 
     </span>
    </p>
   </div>
   <div class='ocr_carea' id='block_1_2' title="bbox 133 582 1071 2116">
    <p class='ocr_par' dir='ltr' id='par_1_2' title="bbox 133 582 1071 2116">
     <span class='ocr_line' id='line_1_2' title="bbox 133 582 1068 680; baseline 0.018 -27"><span class='ocrx_word' id='word_1_4' title='bbox 133 582 223 654; x_wconf 77' lang='lat' dir='ltr'><strong>sodo</strong></span> <span class='ocrx_word' id='word_1_5' title='bbox 242 585 417 680; x_wconf 83' lang='lat' dir='ltr'><strong>junctum</strong></span> <span class='ocrx_word' id='word_1_6' title='bbox 436 593 627 665; x_wconf 83' lang='lat' dir='ltr'><strong>invenitur</strong></span> <span class='ocrx_word' id='word_1_7' title='bbox 644 597 684 666; x_wconf 89' lang='lat' dir='ltr'><strong>in</strong></span> <span class='ocrx_word' id='word_1_8' title='bbox 705 595 967 670; x_wconf 82' lang='lat' dir='ltr'><strong>omnibusfere</strong></span> <span class='ocrx_word' id='word_1_9' title='bbox 982 595 1068 670; x_wconf 69' lang='lat' dir='ltr'><strong>sub</strong></span> 
     </span>
     <span class='ocr_line' id='line_1_3' title="bbox 136 705 1069 790; baseline 0.018 -20"><span class='ocrx_word' id='word_1_10' title='bbox 136 705 282 774; x_wconf 85' lang='lat' dir='ltr'><strong>stantiis</strong></span> <span class='ocrx_word' id='word_1_11' title='bbox 295 709 529 782; x_wconf 82' lang='lat' dir='ltr'><strong>animalibus.</strong></span> <span class='ocrx_word' id='word_1_12' title='bbox 542 713 708 789; x_wconf 69' lang='lat' dir='ltr'><strong>Acidim</strong></span> <span class='ocrx_word' id='word_1_13' title='bbox 719 723 862 790; x_wconf 72' lang='lat' dir='ltr'><strong>oricum</strong></span> <span class='ocrx_word' id='word_1_14' title='bbox 877 721 1069 788; x_wconf 70' lang='lat' dir='ltr'><strong>asenniam</strong></span> 
     </span>
     <span class='ocr_line' id='line_1_4' title="bbox 140 820 1067 923; baseline 0.023 -35"><span class='ocrx_word' id='word_1_15' title='bbox 140 820 179 888; x_wconf 90' lang='lat' dir='ltr'><strong>io</strong></span> <span class='ocrx_word' id='word_1_16' title='bbox 199 825 309 894; x_wconf 86' lang='lat' dir='ltr'><strong>urina</strong></span> <span class='ocrx_word' id='word_1_17' title='bbox 336 829 459 923; x_wconf 80' lang='lat' dir='ltr'><strong>primo</strong></span> <span class='ocrx_word' id='word_1_18' title='bbox 487 832 709 905; x_wconf 87' lang='lat' dir='ltr'><strong>inventum:</strong></span> <span class='ocrx_word' id='word_1_19' title='bbox 731 839 952 908; x_wconf 77' lang='lat' dir='ltr'><strong>Wonmsnon</strong></span> <span class='ocrx_word' id='word_1_20' title='bbox 969 835 1067 908; x_wconf 84' lang='lat' dir='ltr'><strong>idem</strong></span> 
     </span>
     <span class='ocr_line' id='line_1_5' title="bbox 138 941 1066 1056; baseline 0.022 -48"><span class='ocrx_word' id='word_1_21' title='bbox 138 941 287 1012; x_wconf 74' lang='lat' dir='ltr'><strong>acidum</strong></span> <span class='ocrx_word' id='word_1_22' title='bbox 313 970 399 1016; x_wconf 87' lang='lat' dir='ltr'><strong>cum</strong></span> <span class='ocrx_word' id='word_1_23' title='bbox 427 949 513 1020; x_wconf 87' lang='lat' dir='ltr'><strong>soda</strong></span> <span class='ocrx_word' id='word_1_24' title='bbox 529 950 704 1045; x_wconf 85' lang='lat' dir='ltr'><strong>junctum</strong></span> <span class='ocrx_word' id='word_1_25' title='bbox 726 953 886 1026; x_wconf 84' lang='lat' dir='ltr'><strong>calculos</strong></span> <span class='ocrx_word' id='word_1_26' title='bbox 900 953 1066 1056; x_wconf 81' lang='lat' dir='ltr'><strong>podagri·</strong></span> 
     </span>
     <span class='ocr_line' id='line_1_6' title="bbox 139 1071 1068 1166; baseline 0.022 -39"><span class='ocrx_word' id='word_1_27' title='bbox 139 1081 271 1132; x_wconf 84' lang='lat' dir='ltr'><strong>corum</strong></span> <span class='ocrx_word' id='word_1_28' title='bbox 291 1088 515 1162; x_wconf 84' lang='lat' dir='ltr'><strong>componere</strong></span> <span class='ocrx_word' id='word_1_29' title='bbox 529 1071 675 1166; x_wconf 85' lang='lat' dir='ltr'><strong>primus</strong></span> <span class='ocrx_word' id='word_1_30' title='bbox 687 1071 834 1162; x_wconf 88' lang='lat' dir='ltr'><strong>docuit,</strong></span> <span class='ocrx_word' id='word_1_31' title='bbox 856 1089 893 1146; x_wconf 85' lang='lat' dir='ltr'><strong>et</strong></span> <span class='ocrx_word' id='word_1_32' title='bbox 907 1074 1068 1148; x_wconf 83' lang='lat' dir='ltr'><strong>calculos</strong></span> 
     </span>
     <span class='ocr_line' id='line_1_7' title="bbox 139 1176 1069 1288; baseline 0.023 -42"><span class='ocrx_word' id='word_1_33' title='bbox 139 1176 544 1284; x_wconf 71' lang='lat' dir='ltr'><strong>urinarios‚p1moipus</strong></span> <span class='ocrx_word' id='word_1_34' title='bbox 563 1213 647 1277; x_wconf 86' lang='lat' dir='ltr'><strong>eos,</strong></span> <span class='ocrx_word' id='word_1_35' title='bbox 676 1194 744 1288; x_wconf 88' lang='lat' dir='ltr'><strong>qni</strong></span> <span class='ocrx_word' id='word_1_36' title='bbox 759 1193 892 1264; x_wconf 83' lang='lat' dir='ltr'><strong>coloris</strong></span> <span class='ocrx_word' id='word_1_37' title='bbox 911 1193 1005 1265; x_wconf 84' lang='lat' dir='ltr'><strong>fusci</strong></span> <span class='ocrx_word' id='word_1_38' title='bbox 1030 1192 1069 1264; x_wconf 91' lang='lat' dir='ltr'><strong>li·</strong></span> 
     </span>
     <span class='ocr_line' id='line_1_8' title="bbox 138 1300 1067 1409; baseline 0.022 -44"><span class='ocrx_word' id='word_1_39' title='bbox 138 1300 226 1391; x_wconf 86' lang='lat' dir='ltr'><strong>gnei</strong></span> <span class='ocrx_word' id='word_1_40' title='bbox 239 1317 351 1390; x_wconf 83' lang='lat' dir='ltr'><strong>sunt,</strong></span> <span class='ocrx_word' id='word_1_41' title='bbox 370 1307 573 1378; x_wconf 88' lang='lat' dir='ltr'><strong>constituit.</strong></span> <span class='ocrx_word' id='word_1_42' title='bbox 591 1311 755 1384; x_wconf 82' lang='lat' dir='ltr'><strong>Acidum</strong></span> <span class='ocrx_word' id='word_1_43' title='bbox 772 1317 954 1388; x_wconf 66' lang='lat' dir='ltr'><strong>ostaticum</strong></span> <span class='ocrx_word' id='word_1_44' title='bbox 963 1315 1067 1409; x_wconf 86' lang='lat' dir='ltr'><strong>juxta</strong></span> 
     </span>
     <span class='ocr_line' id='line_1_9' title="bbox 137 1415 1068 1527; baseline 0.025 -46"><span class='ocrx_word' id='word_1_45' title='bbox 137 1415 348 1498; x_wconf 75' lang='lat' dir='ltr'><strong>Vaooomn</strong></span> <span class='ocrx_word' id='word_1_46' title='bbox 363 1435 401 1492; x_wconf 88' lang='lat' dir='ltr'><strong>et</strong></span> <span class='ocrx_word' id='word_1_47' title='bbox 414 1423 625 1516; x_wconf 72' lang='lat' dir='ltr'><strong>Fomcnor,</strong></span> <span class='ocrx_word' id='word_1_48' title='bbox 654 1428 694 1498; x_wconf 94' lang='lat' dir='ltr'><strong>in</strong></span> <span class='ocrx_word' id='word_1_49' title='bbox 713 1428 935 1527; x_wconf 87' lang='lat' dir='ltr'><strong>quibusdam</strong></span> <span class='ocrx_word' id='word_1_50' title='bbox 954 1431 1068 1504; x_wconf 84' lang='lat' dir='ltr'><strong>caleu-</strong></span> 
     </span>
     <span class='ocr_line' id='line_1_10' title="bbox 136 1529 1067 1640; baseline 0.026 -40"><span class='ocrx_word' id='word_1_51' title='bbox 136 1529 183 1602; x_wconf 85' lang='lat' dir='ltr'><strong>lis</strong></span> <span class='ocrx_word' id='word_1_52' title='bbox 202 1537 377 1610; x_wconf 82' lang='lat' dir='ltr'><strong>urinariis</strong></span> <span class='ocrx_word' id='word_1_53' title='bbox 399 1545 594 1640; x_wconf 83' lang='lat' dir='ltr'><strong>reperitur.</strong></span> <span class='ocrx_word' id='word_1_54' title='bbox 618 1549 783 1623; x_wconf 86' lang='lat' dir='ltr'><strong>Acidum</strong></span> <span class='ocrx_word' id='word_1_55' title='bbox 803 1555 1067 1626; x_wconf 69' lang='lat' dir='ltr'><strong>Bennoicuma</strong></span> 
     </span>
     <span class='ocr_line' id='line_1_11' title="bbox 138 1655 1071 1758; baseline 0.025 -37"><span class='ocrx_word' id='word_1_56' title='bbox 138 1655 296 1726; x_wconf 78' lang='lat' dir='ltr'><strong>Scnmnn</strong></span> <span class='ocrx_word' id='word_1_57' title='bbox 312 1659 352 1728; x_wconf 90' lang='lat' dir='ltr'><strong>in</strong></span> <span class='ocrx_word' id='word_1_58' title='bbox 367 1663 476 1732; x_wconf 85' lang='lat' dir='ltr'><strong>urina</strong></span> <span class='ocrx_word' id='word_1_59' title='bbox 488 1663 652 1738; x_wconf 85' lang='lat' dir='ltr'><strong>humana</strong></span> <span class='ocrx_word' id='word_1_60' title='bbox 666 1669 861 1740; x_wconf 86' lang='lat' dir='ltr'><strong>inventum</strong></span> <span class='ocrx_word' id='word_1_61' title='bbox 875 1697 885 1758; x_wconf 91' lang='lat'>;</span> <span class='ocrx_word' id='word_1_62' title='bbox 897 1695 919 1741; x_wconf 86' lang='lat' dir='ltr'><strong>a</strong></span> <span class='ocrx_word' id='word_1_63' title='bbox 931 1675 1071 1744; x_wconf 74' lang='lat' dir='ltr'><strong>Pnonsn</strong></span> 
     </span>
     <span class='ocr_line' id='line_1_12' title="bbox 140 1770 1065 1870; baseline 0.025 -33"><span class='ocrx_word' id='word_1_64' title='bbox 140 1770 180 1839; x_wconf 88' lang='lat' dir='ltr'><strong>in</strong></span> <span class='ocrx_word' id='word_1_65' title='bbox 196 1778 377 1870; x_wconf 75' lang='lat' dir='ltr'><strong>sanguine</strong></span> <span class='ocrx_word' id='word_1_66' title='bbox 394 1805 405 1869; x_wconf 91' lang='lat'>;</span> <span class='ocrx_word' id='word_1_67' title='bbox 432 1794 470 1850; x_wconf 84' lang='lat' dir='ltr'><strong>et</strong></span> <span class='ocrx_word' id='word_1_68' title='bbox 489 1806 510 1852; x_wconf 89' lang='lat' dir='ltr'><strong>a</strong></span> <span class='ocrx_word' id='word_1_69' title='bbox 527 1789 716 1858; x_wconf 71' lang='lat' dir='ltr'><strong>Foonenon</strong></span> <span class='ocrx_word' id='word_1_70' title='bbox 733 1801 769 1858; x_wconf 87' lang='lat' dir='ltr'><strong>et</strong></span> <span class='ocrx_word' id='word_1_71' title='bbox 780 1793 998 1870; x_wconf 64' lang='lat' dir='ltr'><strong>‘Vaoonmm</strong></span> <span class='ocrx_word' id='word_1_72' title='bbox 1025 1791 1065 1860; x_wconf 90' lang='lat' dir='ltr'><strong>in</strong></span> 
     </span>
     <span class='ocr_line' id='line_1_13' title="bbox 141 1891 1066 2000; baseline 0.025 -40"><span class='ocrx_word' id='word_1_73' title='bbox 141 1891 251 1962; x_wconf 85' lang='lat' dir='ltr'><strong>un&#39;na</strong></span> <span class='ocrx_word' id='word_1_74' title='bbox 266 1919 457 1970; x_wconf 77' lang='lat' dir='ltr'><strong>vaomrum</strong></span> <span class='ocrx_word' id='word_1_75' title='bbox 476 1919 664 2000; x_wconf 83' lang='lat' dir='ltr'><strong>repertum</strong></span> <span class='ocrx_word' id='word_1_76' title='bbox 686 1905 769 1977; x_wconf 72' lang='lat' dir='ltr'><strong>fuis</strong></span> <span class='ocrx_word' id='word_1_77' title='bbox 787 1909 952 1982; x_wconf 79' lang='lat' dir='ltr'><strong>Aoidum</strong></span> <span class='ocrx_word' id='word_1_78' title='bbox 973 1909 1066 1982; x_wconf 72' lang='lat' dir='ltr'><strong>Gan·</strong></span> 
     </span>
     <span class='ocr_line' id='line_1_14' title="bbox 142 2009 1063 2116; baseline 0.024 -37"><span class='ocrx_word' id='word_1_79' title='bbox 142 2009 310 2088; x_wconf 81' lang='lat' dir='ltr'><strong>bonicum</strong></span> <span class='ocrx_word' id='word_1_80' title='bbox 328 2041 372 2087; x_wconf 85' lang='lat' dir='ltr'><strong>ex</strong></span> <span class='ocrx_word' id='word_1_81' title='bbox 400 2017 581 2116; x_wconf 79' lang='lat' dir='ltr'>pulmone</span> <span class='ocrx_word' id='word_1_82' title='bbox 611 2025 755 2097; x_wconf 79' lang='lat' dir='ltr'><strong>exhalat</strong></span> <span class='ocrx_word' id='word_1_83' title='bbox 779 2055 787 2097; x_wconf 75' lang='grc' dir='ltr'><strong>ε</strong></span> <span class='ocrx_word' id='word_1_84' title='bbox 810 2031 837 2098; x_wconf 86' lang='grc' dir='ltr'><strong>Α</strong></span> <span class='ocrx_word' id='word_1_85' title='bbox 864 2029 999 2102; x_wconf 77' lang='lat' dir='ltr'><strong>Pnouss</strong></span> <span class='ocrx_word' id='word_1_86' title='bbox 1024 2031 1063 2101; x_wconf 91' lang='lat' dir='ltr'><strong>in</strong></span> 
     </span>
    </p>
   </div>
   <div class='ocr_carea' id='block_1_3' title="bbox 142 2132 1064 2344">
    <p class='ocr_par' dir='ltr' id='par_1_3' title="bbox 142 2132 1064 2344">
     <span class='ocr_line' id='line_1_15' title="bbox 142 2132 1064 2251; baseline 0.039 -54"><span class='ocrx_word' id='word_1_87' title='bbox 142 2132 250 2202; x_wconf 85' lang='lat' dir='ltr'><strong>urina</strong></span> <span class='ocrx_word' id='word_1_88' title='bbox 268 2153 481 2234; x_wconf 65' lang='lat' dir='ltr'><strong>repertum</strong></span> <span class='ocrx_word' id='word_1_89' title='bbox 503 2167 590 2216; x_wconf 85' lang='lat' dir='ltr'><strong>oum</strong></span> <span class='ocrx_word' id='word_1_90' title='bbox 610 2133 711 2220; x_wconf 71' lang='lat' dir='ltr'><strong>calco</strong></span> <span class='ocrx_word' id='word_1_91' title='bbox 727 2149 878 2222; x_wconf 90' lang='lat' dir='ltr'><strong>unitum</strong></span> <span class='ocrx_word' id='word_1_92' title='bbox 900 2173 978 2222; x_wconf 74' lang='lat' dir='ltr'><strong>ossa</strong></span> <span class='ocrx_word' id='word_1_93' title='bbox 995 2175 1064 2251; x_wconf 84' lang='lat' dir='ltr'><strong>pro</strong></span> 
     </span>
     <span class='ocr_line' id='line_1_16' title="bbox 142 2249 468 2344; baseline 0.061 -31"><span class='ocrx_word' id='word_1_94' title='bbox 142 2265 244 2344; x_wconf 81' lang='lat' dir='ltr'><strong>parte</strong></span> <span class='ocrx_word' id='word_1_95' title='bbox 265 2252 410 2328; x_wconf 79' lang='lat' dir='ltr'><strong>format.</strong></span> <span class='ocrx_word' id='word_1_96' title='bbox 467 2249 468 2265; x_wconf 44' lang='lat'>¹</span> 
     </span>
    </p>
   </div>
   <div class='ocr_carea' id='block_1_4' title="bbox 192 2471 626 2578">
    <p class='ocr_par' dir='ltr' id='par_1_4' title="bbox 192 2471 626 2578">
     <span class='ocr_line' id='line_1_17' title="bbox 192 2471 626 2578; baseline 0.028 -35"><span class='ocrx_word' id='word_1_97' title='bbox 192 2471 302 2562; x_wconf 88' lang='lat' dir='ltr'>Quod</span> <span class='ocrx_word' id='word_1_98' title='bbox 318 2481 449 2548; x_wconf 74' lang='lat' dir='ltr'><strong>Souna</strong></span> <span class='ocrx_word' id='word_1_99' title='bbox 464 2495 626 2578; x_wconf 82' lang='lat' dir='ltr'><strong>spectat:</strong></span> 
     </span>
    </p>
   </div>
   <div class='ocr_carea' id='block_1_5' title="bbox 143 2693 1087 3038">
    <p class='ocr_par' dir='ltr' id='par_1_5' title="bbox 143 2693 1087 3038">
     <span class='ocr_line' id='line_1_18' title="bbox 191 2693 1064 2797; baseline 0.017 -37"><span class='ocrx_word' id='word_1_100' title='bbox 191 2693 233 2762; x_wconf 75' lang='lat' dir='ltr'><strong>A.</strong></span> <span class='ocrx_word' id='word_1_101' title='bbox 245 2694 374 2766; x_wconf 76' lang='lat' dir='ltr'><strong>Ftnms</strong></span> <span class='ocrx_word' id='word_1_102' title='bbox 387 2697 572 2797; x_wconf 87' lang='lat' dir='ltr'><strong>simplices</strong></span> <span class='ocrx_word' id='word_1_103' title='bbox 586 2712 623 2772; x_wconf 85' lang='lat' dir='ltr'><strong>et</strong></span> <span class='ocrx_word' id='word_1_104' title='bbox 637 2701 871 2792; x_wconf 75' lang='lat' dir='ltr'><strong>membranae,</strong></span> <span class='ocrx_word' id='word_1_105' title='bbox 885 2701 1064 2790; x_wconf 87' lang='lat' dir='ltr'><strong>tendines,</strong></span> 
     </span>
     <span class='ocr_line' id='line_1_19' title="bbox 144 2808 1067 2930; baseline 0.016 -52"><span class='ocrx_word' id='word_1_106' title='bbox 144 2808 361 2908; x_wconf 83' lang='lat' dir='ltr'><strong>ligamenta,</strong></span> <span class='ocrx_word' id='word_1_107' title='bbox 381 2818 498 2906; x_wconf 88' lang='lat' dir='ltr'><strong>cutis,</strong></span> <span class='ocrx_word' id='word_1_108' title='bbox 520 2817 642 2892; x_wconf 84' lang='lat' dir='ltr'><strong>aliaeve</strong></span> <span class='ocrx_word' id='word_1_109' title='bbox 663 2837 783 2920; x_wconf 85' lang='lat' dir='ltr'><strong>partes</strong></span> <span class='ocrx_word' id='word_1_110' title='bbox 798 2821 921 2930; x_wconf 77' lang='lat' dir='ltr'><strong>solidae</strong></span> <span class='ocrx_word' id='word_1_111' title='bbox 939 2847 1067 2918; x_wconf 69' lang='lat' dir='ltr'>conpo-</span> 
     </span>
     <span class='ocr_line' id='line_1_20' title="bbox 143 2929 1087 3038; baseline 0.013 -41"><span class='ocrx_word' id='word_1_112' title='bbox 143 2929 288 3027; x_wconf 88' lang='lat' dir='ltr'><strong>ris,pro</strong></span> <span class='ocrx_word' id='word_1_113' title='bbox 300 2933 458 3005; x_wconf 86' lang='lat' dir='ltr'><strong>maxima</strong></span> <span class='ocrx_word' id='word_1_114' title='bbox 469 2952 572 3032; x_wconf 83' lang='lat' dir='ltr'><strong>parto</strong></span> <span class='ocrx_word' id='word_1_115' title='bbox 582 2937 758 3036; x_wconf 85' lang='lat' dir='ltr'><strong>gelatina,</strong></span> <span class='ocrx_word' id='word_1_116' title='bbox 775 2941 948 3038; x_wconf 78' lang='lat' dir='ltr'>portione</span> <span class='ocrx_word' id='word_1_117' title='bbox 965 2937 1065 3009; x_wconf 86' lang='lat' dir='ltr'><strong>fibri·</strong></span> <span class='ocrx_word' id='word_1_118' title='bbox 1084 3017 1087 3026; x_wconf 57' lang='grc'><em>,</em></span> 
     </span>
    </p>
   </div>
   <div class='ocr_carea' id='block_1_6' title="bbox 139 3051 1067 3242">
    <p class='ocr_par' dir='ltr' id='par_1_6' title="bbox 139 3051 1067 3242">
     <span class='ocr_line' id='line_1_21' title="bbox 143 3051 1067 3158; baseline 0.016 -41"><span class='ocrx_word' id='word_1_119' title='bbox 143 3051 202 3138; x_wconf 93' lang='lat' dir='ltr'><strong>ni,</strong></span> <span class='ocrx_word' id='word_1_120' title='bbox 218 3066 254 3121; x_wconf 89' lang='lat' dir='ltr'><strong>et</strong></span> <span class='ocrx_word' id='word_1_121' title='bbox 269 3051 406 3126; x_wconf 86' lang='lat' dir='ltr'><strong>salibus</strong></span> <span class='ocrx_word' id='word_1_122' title='bbox 419 3058 577 3147; x_wconf 84' lang='lat' dir='ltr'><strong>neutris,</strong></span> <span class='ocrx_word' id='word_1_123' title='bbox 593 3061 778 3158; x_wconf 83' lang='lat' dir='ltr'><strong>praecipue</strong></span> <span class='ocrx_word' id='word_1_124' title='bbox 794 3058 1067 3158; x_wconf 87' lang='lat' dir='ltr'><strong>phosphatibus</strong></span> 
     </span>
     <span class='ocr_line' id='line_1_22' title="bbox 139 3185 321 3242; baseline -0.011 0"><span class='ocrx_word' id='word_1_125' title='bbox 139 3185 321 3242; x_wconf 83' lang='lat' dir='ltr'><strong>constant.</strong></span> 
     </span>
    </p>
   </div>
   <div class='ocr_carea' id='block_1_7' title="bbox 137 3291 1156 3746">
    <p class='ocr_par' dir='ltr' id='par_1_7' title="bbox 137 3291 1156 3746">
     <span class='ocr_line' id='line_1_23' title="bbox 187 3291 1064 3406; baseline 0.013 -46"><span class='ocrx_word' id='word_1_126' title='bbox 187 3293 226 3360; x_wconf 91' lang='lat' dir='ltr'><strong>B.</strong></span> <span class='ocrx_word' id='word_1_127' title='bbox 250 3292 410 3362; x_wconf 82' lang='lat' dir='ltr'><strong>Moscnm</strong></span> <span class='ocrx_word' id='word_1_128' title='bbox 431 3291 588 3364; x_wconf 86' lang='lat' dir='ltr'><strong>maxima</strong></span> <span class='ocrx_word' id='word_1_129' title='bbox 605 3309 709 3392; x_wconf 81' lang='lat' dir='ltr'><strong>parte</strong></span> <span class='ocrx_word' id='word_1_130' title='bbox 726 3294 866 3406; x_wconf 75' lang='lat' dir='ltr'><strong>fibrinq</strong></span> <span class='ocrx_word' id='word_1_131' title='bbox 878 3311 1064 3387; x_wconf 86' lang='lat' dir='ltr'><strong>constant,</strong></span> 
     </span>
     <span class='ocr_line' id='line_1_24' title="bbox 139 3405 1064 3515; baseline 0.012 -38"><span class='ocrx_word' id='word_1_132' title='bbox 139 3407 227 3478; x_wconf 87' lang='lat' dir='ltr'><strong>dein</strong></span> <span class='ocrx_word' id='word_1_133' title='bbox 255 3405 470 3499; x_wconf 85' lang='lat' dir='ltr'><strong>albumine,</strong></span> <span class='ocrx_word' id='word_1_134' title='bbox 497 3412 678 3510; x_wconf 83' lang='lat' dir='ltr'><strong>gelatina,</strong></span> <span class='ocrx_word' id='word_1_135' title='bbox 707 3416 925 3504; x_wconf 84' lang='lat' dir='ltr'><strong>extractivo,</strong></span> <span class='ocrx_word' id='word_1_136' title='bbox 954 3416 1064 3515; x_wconf 90' lang='lat' dir='ltr'>phos-</span> 
     </span>
     <span class='ocr_line' id='line_1_25' title="bbox 138 3525 1156 3634; baseline 0.012 -39"><span class='ocrx_word' id='word_1_137' title='bbox 138 3526 252 3624; x_wconf 83' lang='lat' dir='ltr'><strong>phate</strong></span> <span class='ocrx_word' id='word_1_138' title='bbox 269 3525 384 3616; x_wconf 82' lang='lat' dir='ltr'><strong>sodae,</strong></span> <span class='ocrx_word' id='word_1_139' title='bbox 400 3528 606 3628; x_wconf 87' lang='lat' dir='ltr'><strong>phosphate</strong></span> <span class='ocrx_word' id='word_1_140' title='bbox 621 3535 873 3622; x_wconf 78' lang='lat' dir='ltr'><strong>ammoniacae,</strong></span> <span class='ocrx_word' id='word_1_141' title='bbox 899 3552 935 3606; x_wconf 87' lang='lat' dir='ltr'><strong>et</strong></span> <span class='ocrx_word' id='word_1_142' title='bbox 952 3535 1065 3634; x_wconf 89' lang='lat' dir='ltr'><strong>phos·</strong></span> <span class='ocrx_word' id='word_1_143' title='bbox 1153 3558 1156 3566; x_wconf 88' lang='lat'><strong>·</strong></span> 
     </span>
     <span class='ocr_line' id='line_1_26' title="bbox 137 3647 648 3746; baseline 0.016 -30"><span class='ocrx_word' id='word_1_144' title='bbox 137 3647 249 3746; x_wconf 87' lang='lat' dir='ltr'><strong>phate</strong></span> <span class='ocrx_word' id='word_1_145' title='bbox 265 3671 307 3718; x_wconf 88' lang='lat' dir='ltr'><strong>ac</strong></span> <span class='ocrx_word' id='word_1_146' title='bbox 319 3647 514 3722; x_wconf 86' lang='lat' dir='ltr'><strong>carbonate</strong></span> <span class='ocrx_word' id='word_1_147' title='bbox 533 3650 648 3724; x_wconf 86' lang='lat' dir='ltr'><strong>calcis.</strong></span> 
     </span>
    </p>
   </div>
   <div class='ocr_carea' id='block_1_8' title="bbox 139 3831 1069 4052">
    <p class='ocr_par' dir='ltr' id='par_1_8' title="bbox 139 3831 1069 4052">
     <span class='ocr_line' id='line_1_27' title="bbox 186 3831 1068 3931; baseline 0.008 -31"><span class='ocrx_word' id='word_1_148' title='bbox 186 3831 237 3900; x_wconf 90' lang='lat' dir='ltr'><strong>N.</strong></span> <span class='ocrx_word' id='word_1_149' title='bbox 260 3831 309 3900; x_wconf 91' lang='lat' dir='ltr'><strong>B.</strong></span> <span class='ocrx_word' id='word_1_150' title='bbox 344 3831 477 3900; x_wconf 85' lang='lat' dir='ltr'><strong>Carnes</strong></span> <span class='ocrx_word' id='word_1_151' title='bbox 512 3831 732 3902; x_wconf 86' lang='lat' dir='ltr'><strong>animalium</strong></span> <span class='ocrx_word' id='word_1_152' title='bbox 764 3833 804 3902; x_wconf 92' lang='lat' dir='ltr'><strong>in</strong></span> <span class='ocrx_word' id='word_1_153' title='bbox 836 3856 931 3931; x_wconf 86' lang='lat' dir='ltr'><strong>aqua</strong></span> <span class='ocrx_word' id='word_1_154' title='bbox 955 3849 1068 3908; x_wconf 70' lang='lat' dir='ltr'><strong>contat</strong></span> 
     </span>
     <span class='ocr_line' id='line_1_28' title="bbox 139 3949 1069 4052; baseline 0.004 -28"><span class='ocrx_word' id='word_1_155' title='bbox 139 3949 305 4048; x_wconf 71' lang='lat' dir='ltr'><strong>pmbent</strong></span> <span class='ocrx_word' id='word_1_156' title='bbox 316 3949 394 4044; x_wconf 83' lang='lat' dir='ltr'><strong>jus,</strong></span> <span class='ocrx_word' id='word_1_157' title='bbox 408 3950 510 4049; x_wconf 89' lang='lat' dir='ltr'>quod</span> <span class='ocrx_word' id='word_1_158' title='bbox 519 3953 912 4052; x_wconf 82' lang='lat' dir='ltr'><strong>continetgelatinam‚</strong></span> <span class='ocrx_word' id='word_1_159' title='bbox 930 3971 1069 4028; x_wconf 74' lang='lat' dir='ltr'><strong>extrao.</strong></span> 
     </span>
    </p>
   </div>
   <div class='ocr_carea' id='block_1_9' title="bbox 0 0 1471 4860">
    <p class='ocr_par' dir='ltr' id='par_1_9' title="bbox 0 0 1471 4860">
     <span class='ocr_line' id='line_1_29' title="bbox 0 0 1471 4860; baseline 0 0"><span class='ocrx_word' id='word_1_160' title='bbox 0 0 1471 4860; x_wconf 95' lang='lat' dir='ltr'><strong> </strong></span> 
     </span>
    </p>
   </div>
  </div>
 </body>
</html>
