2810 4860
248 449 290 516 Ο.
315 445 426 515 VIII.
452 435 829 516 SCOLECODES.
930 447 1001 528 249

90 574 782 678 duris30rificiislateralibussepamtis,
807 581 886 650 sine
901 605 1000 650 unco

92 695 125 764 in
140 697 274 796 capite;
285 696 512 797 quandoque
526 711 676 769 eentum
694 695 803 795 pedes
817 695 945 794 longa·‚
966 711 1002 768 et

90 813 131 884 ad
145 837 204 888 sex
218 817 333 889 lineae
350 839 468 914 usque
485 814 578 906 lata3
597 815 802 914 praeprimis
819 814 1003 916 Petropoli

90 929 263 1032 frequens.

131 1055 237 1130 ΜΒ.
249 1060 310 1126 Hae
324 1067 396 1124 tres
404 1050 856 1150 taeniaespecieshucusque
869 1051 951 1126 solae
960 1052 998 1122 in

92 1177 267 1248 intestinis
287 1175 485 1246 hominum
509 1167 662 1271 'reperta
688 1171 850 1245 suerunt.
878 1177 920 1242 ln
948 1174 1002 1242 in·

90 1298 224 1368 testinis
240 1319 376 1367 canum
392 1348 402 1384 ,
432 1291 585 1381 felium,
621 1293 779 1391 piscium
794 1307 860 1363 etc.
877 1292 1003 1364 mults.

90 1415 158 1487 alie
186 1416 378 1486 taeniarum
404 1413 540 1510 species
559 1413 694 1510 passim
721 1427 934 1484 occurrunt.
957 1416 1001 1484 In

90 1529 234 1604 homine
266 1555 343 1602 non
373 1553 455 1600 raro
483 1527 591 1628 plura
621 1527 812 1600 individua
838 1528 1001 1624 ejusdem

89 1652 234 1748 speciei,
267 1646 325 1721 vel
348 1649 552 1746 specierum
575 1647 799 1720 diversarum
828 1647 940 1718 simul
962 1650 1002 1720 in

90 1768 268 1844 intestinis
281 1767 589 1865 hospitantur-
599 1771 783 1838 Hactenus
798 1765 1002 1836 remedium

88 1885 230 1958 nullum
243 1897 370 1957 contra
385 1887 508 1956 taenias
520 1882 724 1956 universale
737 1885 924 1980 cognitum
939 1897 1004 1971 est,

88 2004 144 2076 sed
169 2005 308 2103 quaevis
333 1993 469 2102 species
498 2000 638 2074 diversa
668 2001 932 2076 medicamenta
957 2001 1003 2074 ad

86 2125 139 2196 sui
153 2121 407 2222 expulsionem
427 2121 594 2219 requirit.
613 2125 656 2192 ln
670 2144 801 2219 genere
817 2121 918 2220 quod
934 2145 1004 2192 me·

88 2241 332 2314 dicementum
363 2243 433 2312 uni
466 2239 603 2312 horum
635 2242 818 2312 vermium
850 2242 1002 2315 noxium

86 2377 150 2451 est,
169 2361 254 2432 aliis
267 2383 357 2457 saepe
375 2361 436 2431 vix
453 2383 583 2432 nocere
602 2356 759 2432 videtur.

127 2483 216 2572 Quae
243 2478 290 2552 de
317 2478 574 2576 serpentibus,
601 2481 759 2552 Lacertis
780 2493 848 2552 etc.
864 2481 903 2550 in
916 2506 1003 2554 ven·

88 2597 214 2670 triculo
230 2594 504 2695 hospitantibus
517 2650 527 2684 ,
540 2597 718 2669 hactenus
730 2597 776 2668 ab
790 2597 1004 2673 auctoribus

88 2715 190 2793 relata
205 2729 319 2806 sunt,
340 2741 416 2789 non
430 2717 516 2789 satis
527 2731 647 2790 exacte
663 2729 843 2792 constant.
