2688 4850
255 409 300 480 o.
335 401 445 478 vui
474 401 721 510 acroma.
878 421 950 517 ⁶07

120 541 163 619 6.
188 548 217 618 A
245 543 543 635 sternutatione,
569 545 692 637 masi,
720 563 787 621 aut
808 558 954 632 vomitu

173 662 348 736 violento.
895 661 899 681 ’

121 803 161 883 7.
189 787 219 854 A
236 784 323 855 uisu
336 779 500 880 violento
517 783 556 854 in
572 799 700 881 partu,
715 805 781 864 aut
798 793 955 873 subeua⁴

175 901 347 973 nuatione
362 916 693 977 excrementorum.

125 1021 163 1094 8.
191 1022 223 1091 A
237 1043 369 1118 magna
379 1009 517 1093 virium
528 1023 714 1096 exertione
725 1025 770 1098 ad
786 1029 957 1112 elevanda

180 1137 348 1237 pondera
359 1154 444 1230 etc„
463 1141 707 1240 inspiratione
722 1133 876 1227 retenta.

17 1289 41 1330 ι.
66 1259 101 1328 Α
122 1253 244 1348 saltu,
265 1273 332 1331 aut
350 1258 458 1359 lapsu
473 1284 518 1332 ex
534 1259 623 1334 alto,
894 1269 897 1278 “

18 1405 49 1446 κ.
77 1371 140 1446 Ab
161 1377 401 1474 equitatione.

17 1501 51 1568 t.
78 1503 110 1570 A
128 1511 281 1570 terrore.
528 1585 534 1602 ἢ

16 1643 56 1706 μ.
75 1611 233 1686 Arhexi
245 1628 311 1688 aut
322 1613 477 1688 vulnere
494 1618 699 1716 peritonaei.

45 1872 211 1950 SECT.
235 1871 295 1946 11.
330 1871 591 1947 HERNIAE
616 1873 936 1960 THORAcls.

77 2119 145 2214 Sp.
170 2109 225 2189 13.
248 2111 384 2184 Heraia
400 2111 581 2187 Thoracis
599 2127 759 2192 externo.
854 2175 857 2184 ,
954 2158 959 2167 ·

77 2319 224 2386 'lumor
240 2313 281 2384 in
294 2310 408 2386 latere
427 2311 606 2385 alterutro
622 2307 801 2406 thomeis,
824 2341 870 2389 ex
882 2337 969 2418 pura

27 2437 137 2505 tione
161 2429 390 2530 pulmonum
415 2453 518 2504 sacco
543 2429 681 2530 pleurae
705 2432 871 2526 inclusa,
902 2449 969 2511 aut

27 2555 138 2628 nuda
156 2577 225 2651 per
247 2549 416 2626 fissuram
432 2549 569 2648 pleurae
584 2565 784 2648 promum
811 2577 903 2654 saepe
925 2579 971 2628 ex

33 2673 197 2746 vulnere
218 2671 477 2771 musculorum
508 2671 824 2762 immortalium,
849 2674 972 2747 velex

33 2791 201 2863 tractura
227 2797 445 2879 costarum,
479 2803 545 2862 aut
569 2811 614 2862 ex
640 2805 863 2890 apostemate
884 2809 971 2896 ptu·

33 2908 170 3009 gressis
186 2921 301 2979 onus.

58 3109 154 3212 181).
186 3107 242 3193 14.
269 3103 408 3176 Heraia
423 3102 604 3179 Thoracis
620 3104 773 3178 memo.
902 3152 907 3160 -

89 3305 295 3392 Intestina,
318 3300 457 3402 hepar,
475 3299 707 3375 ventriculus
721 3312 788 3373 etc.
813 3320 882 3398 per
900 3293 975 3371 dia·

39 3425 236 3526 phragma,
245 3425 284 3498 ri
293 3437 450 3524 ruptum
460 3421 519 3497 vel
530 3420 778 3510 vulneratum,
789 3420 829 3491 in
842 3441 974 3492 cavum

40 3546 204 3646 pectoris
212 3543 456 3643 penetrantia.
464 3539 618 3616 Morbus
627 3564 760 3640 magna
774 3539 976 3628 anxietate,

43 3665 250 3764 dyspnoea,
268 3677 304 3736 et
318 3687 500 3762 syncope,
518 3676 584 3733 aut
601 3657 897 3760 apnoeasphyxia
916 3659 978 3732 sti·

41 3800 180 3894 patus,
203 3781 425 3886 plerumque
443 3785 517 3860 cito
533 3779 688 3858 lethalis.

710 3903 774 3998 Pp
802 3923 822 3972 a
