2808 4862
295 439 337 512 o.
370 437 399 510 1.
434 379 778 508 nuscanum.
952 429 997 530 57

83 573 124 646 ad
135 575 346 674 pmoordia,
358 577 608 676 hyperemesia
621 591 686 648 aut
697 575 818 648 inanis
826 571 1001 646 vomendi

86 710 251 786 conatus,
277 695 480 795 cholepyrae
503 697 686 795 pessimae,
706 693 916 791 'oehropyra
932 706 998 766 etc.

133 893 171 963 V
170 917 305 965 Amr
325 921 396 990 pro
411 921 527 980 eausa
548 909 708 968 remota.-

86 1099 114 1136 ι.
138 1069 285 1142 Avitiis
299 1059 410 1144 diaeta
434 1101 442 1146 :
468 1079 519 1146 Ex
539 1073 657 1148 abusu
679 1075 868 1173 liquorum
897 1073 1002 1171 spiri·

132 1203 347 1282 tuooorum,
359 1195 571 1293 pinguium,
581 1195 799 1300 oleosorum,
811 1184 978 1266 carnium
992 1248 1003 1280 ,

130 1333 305 1405 piscium.
652 1375 659 1389 .

84 1429 114 1516 β.
139 1427 1002 1532 Abastuclimatisautatmosphaeroepraegrandi.

85 1573 111 1637 γ.
134 1545 190 1618 Ab
207 1551 388 1620 exercitiis
408 1549 597 1642 violentis,
620 1565 685 1656 aut
708 1555 816 1624 etiam
835 1579 878 1626 ex
904 1575 1007 1652 mora

136 1663 369 1739 diuturniori
389 1669 458 1740 suh
477 1669 577 1757 sole,
606 1695 757 1767 corpore
784 1671 895 1742 radiis
917 1669 1008 1744 sola⁴

135 1783 245 1856 ribus
257 1789 420 1884 exposito
435 1841 445 1878 ,
462 1791 501 1860 in
514 1813 606 1862 zona
621 1789 758 1864 torrida
774 1798 787 1880 (
803 1790 829 1884 ).

87 2063 128 2131 o.
154 2067 289 2136 octat
387 2045 673 2136 nussum.

135 2245 201 2316 Gr.
226 2247 431 2333 Anaunion&
446 2247 519 2334 tta,
535 2245 663 2318 vitiose
681 2257 717 2315 et
732 2248 848 2338 σίαλον,
871 2240 981 2316 saliva
997 2267 1007 2311 τ

87 2363 278 2452 Dyscraaia
297 2361 424 2434 salivae.

145 2578 293 2664 Suliva
308 2581 581 2694 apiaitudine,
601 2583 827 2687 tenuitate,
847 2581 1011 2672 acinar-

92 2711 146 2794 tia
163 2727 238 2798 aut
260 2715 490 2800 acrimonia
504 2747 691 2828 peccans.

139 2941 260 3014 Sativa
278 2945 318 3013 in
342 2941 480 3016 morbis
501 2969 591 3042 aaepe
609 2960 734 3034 tenax,
750 2947 910 3033 viscosa,
928 2943 1014 3016 insi·

94 3061 198 3154 pitia,
224 3061 285 3132 vel
299 3061 418 3134 dulcis
435 3065 474 3134 in
489 3067 676 3136 mamsmis
691 3079 727 3135 et
740 3064 951 3162 dialeipyris
964 3087 1017 3134 re·

93 3179 256 3252 beliibus
266 3232 278 3268 ,
289 3203 410 3254 amara
422 3183 460 3254 in
475 3183 699 3281 polyoholia;
717 3182 806 3256 salsa
822 3196 887 3253 aut
897 3179 1017 3269 acida,

93 3321 221 3372 suecos
242 3299 504 3397 vegetabilium
528 3303 699 3376 caeruleos
718 3299 923 3390 rufesoens,
958 3298 1016 3372 vel

135 3607 188 3690 ζ’)
208 3609 309 3670 canes
324 3629 364 3667 ex
379 3609 486 3690 Anglii
502 3607 666 3670 inluuiem
679 3607 851 3666 orientalem
867 3607 1018 3682 tramitti,

97 3729 171 3788 ape
186 3709 282 3769 unio·
296 3707 363 3766 vice
373 3727 427 3787 per
445 3727 571 3787 paucum
590 3718 706 3787 tempus
724 3705 914 3782 dormientes,
931 3706 1022 3770 radii·

98 3809 240 3870 niuibus
251 3805 399 3888 exponiti,
419 3827 459 3867 rx
467 3805 536 3867 bilia
548 3807 694 3885 dynamin
703 3806 762 3866 cito
773 3815 910 3887 pereunt.
