2756 4850
373 437 446 526 434
544 443 612 510 CL.
647 437 693 510 V.
729 429 904 508 MORBI
937 437 1131 514 TOPlCl.

370 605 412 651 ac
429 576 637 676 amblyopia
662 576 721 648 vel
743 579 929 650 amaurosi
951 577 1076 652 leteris
1097 577 1227 652 affecti
1249 581 1306 652 sli-

371 713 475 796 pata3
489 721 581 796 pure
597 697 744 768 taudem
759 721 827 796 per
839 722 880 770 os
892 697 1083 771 cribosum
1099 701 1307 798 integrum,

120 828 128 848 '
249 857 253 870 ‹
372 813 431 886 vel
446 816 625 886 cariosum
650 839 694 886 ex
711 837 799 886 naso
823 831 985 903 exorem,
1009 833 1077 888 aut
1095 843 1143 889 ex
1163 842 1306 890 eonon

373 933 514 1004 lamina
532 933 734 1031 posteriore
757 934 862 1004 sinus
879 935 919 1004 in
947 959 1079 1005 cavum
1105 934 1306 1032 enkepbali
1372 927 1373 1020 ζ

375 1051 504 1126 effuso.
523 1051 757 1150 Quandoque
776 1055 887 1124 etiam
906 1069 1034 1126 tumor
1046 1054 1243 1156 palpebrae
1259 1058 1308 1126 iu·
1372 1029 1373 1098 l

374 1195 484 1270 gens,
510 1195 552 1271 ex
567 1195 661 1268 pure
676 1196 742 1269 per
758 1170 935 1244 laminam
951 1174 1057 1244 sinus
1079 1175 1309 1245 anteriorem
1372 1205 1373 1226 κ

374 1281 556 1362 corrosam
568 1291 609 1368 in
623 1287 876 1362 membranam
890 1289 1111 1363 cellularum
1122 1289 1311 1394 palpebre

375 1405 504 1482 effuso.

332 1583 341 1592 ’
427 1583 469 1658 V
466 1607 598 1658 Arm
604 1609 675 1681 pro
690 1611 806 1656 cauea
822 1599 961 1658 remota
972 1612 986 1657 .·

374 1795 406 1835 α.
432 1767 462 1834 Α
481 1761 635 1835 vulnere
647 1763 917 1854 „contusione‚
936 1764 1030 1836 ictu.

375 1885 408 1974 β.
422 1879 479 1952 ΔΙ)
502 1879 755 1954 obstructione
778 1879 1009 1954 orifioiorum
1029 1881 1121 1954 ossis
1144 1877 1316 1952 erhmoi·

187 2015 190 2022 ’
310 2015 313 2020 “
426 2001 508 2088 dei,
533 2025 577 2074 ex
594 2024 704 2074 muco
718 2002 912 2099 inspissato
937 2015 1005 2072 aut
1022 2023 1067 2072 ex
1081 1997 1248 2098 pulvere
1266 2001 1316 2071 ni·

425 2119 715 2204 notione-labari
733 2135 802 2192 eto.
824 2119 963 2194 ibidem
987 2117 1245 2192 aoeumulato.

375 2271 406 2336 y.
433 2245 463 2312 Δ
481 2239 620 2338 polypo
636 2242 797 2314 narium.

304 2377 307 2388 '
355 2341 405 2431 ’ὰ
431 2363 462 2429 A
491 2359 680 2432 vermibus
701 2358 760 2434 vel
792 2361 940 2432 inseetis
960 2360 1101 2456 variis,
1140 2360 1185 2431 in
1223 2362 1315 2432 sinu

428 2477 578 2551 frontali
603 2477 871 2551 nidulantibus.

374 2629 399 2671 ι,
426 2607 453 2670 Α
474 2600 557 2669 viru
584 2597 809 2696 syphilitico.

374 2732 404 2804 ζ.
430 2724 459 2791 Δ
478 2721 570 2792 vitio
584 2717 796 2792 scrofuloso.
826 2807 829 2816 Ι

374 2871 403 2922 η.
432 2845 461 2908 A
485 2840 603 2930 tinea,
629 2839 827 2911 achoribus
849 2847 924 2910 eto·
948 2839 1097 2912 incaute
1123 2839 1313 2942 retropul·

427 2983 486 3031 sis.

425 3144 488 3238 Sp.
515 3137 548 3214 5.
576 3147 769 3238 Aposlema
787 3141 899 3212 Sinus
926 3139 1151 3212 maxillaris.

430 3316 605 3388 Collectio
616 3317 745 3414 puris,
771 3329 837 3387 aut
852 3315 1012 3385 materiae
1031 3309 1261 3412 puriformis
1275 3315 1312 3384 in
1372 3403 1373 3406 Ἴ

379 3435 557 3508 alterutro
571 3437 658 3507 sinu
676 3431 855 3505 maxillari
870 3434 1060 3532 superiore
1075 3457 1118 3504 ex
1133 3431 1311 3531 phlogosi

370 3577 590 3653 =praegressn3
617 3551 841 3652 plerumque
853 3551 980 3624 dolore
997 3549 1150 3638 obtuso,
1173 3565 1311 3622 urente
1372 3559 1373 3640 l

376 3671 436 3743 vel
444 3673 626 3772 pulsante,
636 3675 824 3773 pressione
835 3675 950 3772 partis
962 3669 1110 3759 alleetae,
1120 3685 1310 3743 autmun·

376 3791 498 3892 gendo
519 3817 624 3867 nares
644 3791 701 3868 vel
727 3793 969 3866 concussione
989 3783 1156 3893 corporis
1174 3804 1310 3874 aucto;
