2784 4856
108 719 562 778 ousuttvartortus
603 719 941 782 GENERALM.

77 1093 238 1210 Terror
268 1139 309 1208 in
342 1159 472 1237 genere
496 1135 543 1208 ab
576 1139 797 1236 Hippocrate
825 1141 989 1220 Φθινώδεες

76 1257 310 1356 appellantur.
325 1261 396 1330 Nos
412 1259 651 1333 emaciatione
668 1283 753 1330 cum
767 1257 867 1332 febre
882 1260 990 1333 labo-

75 1391 188 1448 rantes
201 1379 413 1450 Phthisiooo
424 1401 488 1449 seu
506 1381 665 1469 tabidos,
687 1394 722 1450 et
737 1381 879 1476 eosqui
897 1403 992 1452 ema·

78 1495 227 1567 clatione
246 1496 324 1567 sine
346 1493 444 1568 febre
464 1495 650 1587 laborant,
674 1500 899 1596 Atrophicos
929 1523 991 1596 ap·

76 1613 261 1712 pellamus.
284 1616 441 1706 Quidam
468 1633 656 1706 auctores,
684 1633 726 1688 ut
749 1621 939 1714 Smrvuges
957 1625 1012 1690 et¹

78 1735 203 1808 curten
212 1791 226 1826 ,
247 1733 364 1806 tabem
385 1749 429 1806 ut
448 1733 570 1804 morbi
586 1758 704 1830 genus
721 1757 741 1804 a
760 1731 902 1830 phthisi
923 1732 994 1805 dis·

78 1853 235 1926 tinctum
256 1853 552 1946 considerarunt,
579 1847 641 1924 sed
660 1867 702 1923 ut
719 1852 812 1922 mihi
833 1851 995 1944 videtur,

79 1974 203 2047 minus
219 1989 322 2046 recte.
342 1975 468 2049 Celsus
485 1997 621 2050 nomeu
640 1951 746 2044 Tubis
766 1971 892 2044 eodem
922 1971 997 2045 lere

78 2115 186 2164 seusu
203 2089 368 2180 adhibet,
387 2115 465 2189 quo
481 2114 550 2162 nos
565 2093 812 2178 Marasmum,
839 2089 996 2188 ideoque

78 2209 247 2283 Phthisiu
264 2225 300 2282 et
316 2209 546 2308 strophium,
562 2225 605 2282 ut
619 2211 756 2308 species
769 2209 895 2300 Tabis,
910 2236 998 2283 con·

79 2328 226 2400 siderat.

126 2451 263 2520 Macies
276 2449 454 2546 praecipue
469 2448 589 2518 oritur
604 2470 648 2517 ex
666 2443 837 2536 defectu,
853 2460 890 2518 et
905 2470 998 2596 saepe

82 2567 196 2639 simul
212 2591 255 2638 ex
268 2567 464 2638 acrimonia
481 2563 609 2662 adipis

129 2689 371 2758 Consumitur
385 2701 507 2758 autem
528 2686 568 2755 in
590 2686 777 2755 marasmis
805 2708 898 2781 saepe
921 2709 1000 2755 non

81 2805 202 2879 solum
214 2805 398 2904 pinguedo
408 2808 448 2876 in
462 2806 586 2876 tunica
596 2802 743 2901 adiposa
757 2803 828 2875 sub
844 2818 928 2876 cute
936 2821 1002 2876 aut

83 2925 122 2994 iu
145 2939 320 3014 omento,
343 2923 400 2994 vel
419 2925 460 2993 in
482 2921 694 2994 membrana
719 2919 916 3009 cellulosa,
936 2937 1002 2992 aut

85 3043 123 3114 in
146 3044 353 3114 interstitiis
368 3043 641 3130 musculorum,
672 3038 729 3112 vel
751 3042 846 3111 circa
866 3042 1003 3112 viscera
1023 3073 1031 3096 ·

85 3167 188 3236 varia
219 3162 387 3253 collecta,
416 3163 477 3234 sed
506 3186 590 3260 pars
614 3159 810 3258 gelatinosa
833 3174 1006 3256 praeterea

85 3309 192 3381 aeque
203 3307 247 3354 ao
258 3281 482 3354 albuminosa
496 3336 506 3368 ‚
526 3280 573 3352 ad
587 3281 829 3350 nutritionem
841 3283 1005 3378 corporis

88 3403 309 3490 necessaria,
331 3403 370 3471 in
389 3423 498 3470 massa
513 3399 702 3496 sauguinis
714 3395 772 3468 vel
785 3422 861 3468 non
885 3399 1008 3473 debite

89 3519 324 3608 formantur,
346 3519 403 3591 vel
419 3517 577 3590 formatae
597 3518 696 3588 illico
709 3541 775 3614 per
791 3516 1008 3614 pulmones,

90 3657 245 3730 cutem,
260 3637 371 3710 aliare
395 3641 555 3737 corporis
583 3639 778 3709 excretoria
806 3637 1009 3712 difflantur.

867 3759 895 3822 F
