2688 4850
251 417 297 490 n.
336 398 449 510 tur.
485 412 738 487 acroma.
891 405 962 490 633

38 575 153 630 unum
165 553 222 628 vel
235 557 344 654 plura
356 571 562 633 extrorsum
581 579 707 628 versus
718 555 892 646 dorsum,
907 557 967 630 vel

35 678 233 748 introrsum
248 701 375 750 versus
391 676 553 774 palmam
581 700 715 748 manus
733 699 753 747 e
774 702 870 748 nexu
897 699 968 750 suo

33 797 190 892 separari
205 811 387 892 possunt..
512 791 515 798 ’

95 937 192 1008 Oasis
224 939 325 1034 carpi
360 935 573 1034 scaphoidei
600 959 666 1006 seu
697 935 917 1007 navicularis
948 956 970 1009 a

33 1079 133 1130 nexu
151 1079 221 1128 suo
235 1080 323 1128 cum
340 1055 433 1128 radii
452 1070 558 1154 parte
574 1036 776 1144 anteriore3
798 1069 865 1126 aut
877 1057 969 1126 ossis

33 1175 268 1248 semilunaris
291 1199 379 1248 cum
399 1174 493 1248 radii
518 1188 623 1274 parte
648 1173 875 1272 posteriore3
906 1189 972 1246 aut

33 1297 145 1366 etiarn
163 1293 375 1394 superficiei
398 1296 601 1394 superioris
619 1296 709 1368 ossis
730 1293 972 1368 cuneisormis

30 1439 99 1486 seu
121 1412 357 1512 triangularis
379 1415 482 1512 carpi
505 1466 515 1505 ,
544 1439 632 1486 eum
656 1411 761 1486 radio
784 1414 970 1488 mediante

32 1530 234 1628 ligamento
255 1531 494 1623 cohaerentis,
520 1533 713 1632 separatio.
734 1571 792 1586 -
816 1535 972 1608 Luxatio

31 1652 123 1724 ossis
134 1650 345 1750 soaphoidei
358 1668 395 1727 et
408 1651 645 1724 semilunaris
659 1673 681 1722 a
694 1645 800 1722 radio
808 1651 972 1748 plerum·

33 1793 111 1866 que
126 1768 172 1841 ab
185 1771 262 1840 ictu
278 1785 344 1842 aut
357 1769 464 1868 lapsu
478 1773 518 1842 in
531 1769 684 1842 dorsum
699 1793 836 1842 manus
850 1767 914 1860 fit,
937 1785 974 1841 et

32 1911 169 1958 manus
186 1911 338 1960 sursum
350 1901 515 1986 ‘spectat;
538 1885 679 1959 luxatio
692 1909 779 1958 vero
793 1887 894 1983 carpi
914 1909 975 1956 ex·

32 2024 197 2080 morsum
210 2063 221 2096 ,
235 2007 302 2080 ubi
315 2031 356 2081 os
367 2006 652 2106 soaphoidenm‚
669 2029 710 2078 os
727 2003 974 2096 semilunare,

34 2141 75 2199 et
91 2151 131 2199 os
152 2127 376 2228 triangulare
399 2126 447 2200 ab
469 2125 728 2199 articulatione
751 2149 838 2198 cunr
869 2123 974 2196 radio

34 2247 238 2340 secedunt,
264 2247 308 2321 fit
330 2247 557 2348 plerumque
579 2271 600 2318 a
621 2245 728 2344 lapsu
750 2246 789 2315 in
811 2243 972 2342 palmam

33 2395 189 2460 manus,
208 2369 266 2442 vel
281 2368 329 2442 ab
345 2370 422 2440 ictu
438 2369 478 2440 in
494 2382 638 2466 partem
654 2367 839 2438 internam
852 2363 973 2461 oarpi3

33 2515 170 2563 manus
189 2515 317 2564 versus
333 2487 510 2560 inferiora
536 2495 749 2561 constanter
774 2499 973 2572 curratur,

33 2627 73 2682 et
87 2611 289 2708 digitorum
302 2608 468 2682 extensio
485 2603 727 2705 impossibilis
742 2619 813 2692 est,
843 2601 975 2675 simul·

36 2731 376 2828 queprominentia
396 2731 437 2798 in
457 2727 568 2799 dorso
587 2747 723 2796 manns
744 2721 895 2796 evidens
911 2719 975 2792 ob·

35 2863 216 2920 servatur.
240 2847 367 2920 Ambae
382 2845 438 2916 hae
458 2845 667 2916 luxationes
683 2843 786 2938 carpi
806 2839 976 2938 frequen·

37 2983 98 3039 ter
114 2991 202 3039 oum
220 2966 449 3065 separatione
462 2961 557 3034 radii
576 2963 624 3034 ab
639 2960 731 3033 ulna
748 2959 975 3058 complican-

36 3103 126 3178 tur,
155 3088 277 3184 iisque
289 3109 382 3184 sepe
408 3100 555 3172 tumor,
579 3079 714 3170 dolor„
730 3079 975 3152 inflammatio

37 3225 76 3282 et
93 3221 281 3307 apostema
296 3202 554 3278 musculorum
573 3201 753 3273 denorum
771 3212 837 3270 aut
853 3211 977 3269 exten·

37 3351 192 3418 sorum,
207 3342 244 3397 et
260 3349 337 3396 non
354 3345 438 3396 raro
453 3321 595 3394 cedema
606 3341 743 3392 manus
756 3339 842 3398 cum
857 3317 977 3414 rigore

39 3462 78 3517 et
92 3443 354 3518 immobilitate
367 3439 570 3539 digitorum
586 3434 737 3511 aooedit.

90 3635 154 3728 Sp.
188 3629 240 3702 13.
266 3625 502 3750 Exarthros'is'·
520 3621 743 3719 Metacnrpi.
852 3596 855 3608 ⁵

93 3811 198 3884 Inter
207 3831 285 3882 ossa
297 3808 496 3906 metaearpi
510 3829 564 3895 os,
576 3799 682 3902 quod
696 3817 783 3872 eum
791 3785 978 3894 phalange
