<?xml version="1.0" encoding="UTF-8"?>
<!DOCTYPE html PUBLIC "-//W3C//DTD XHTML 1.0 Transitional//EN"
    "http://www.w3.org/TR/xhtml1/DTD/xhtml1-transitional.dtd">
<html xmlns="http://www.w3.org/1999/xhtml" xml:lang="en" lang="en">
 <head>
  <title>
</title>
<meta http-equiv="Content-Type" content="text/html;charset=utf-8" />
  <meta name='ocr-system' content='tesseract 3.04.00' />
  <meta name='ocr-capabilities' content='ocr_page ocr_carea ocr_par ocr_line ocrx_word'/>
</head>
<body>
  <div class='ocr_page' id='page_1' title='image "./novumnosologiae01swedgoog_0385.png"; bbox 0 0 2792 4852; ppageno 0'>
   <div class='ocr_carea' id='block_1_1' title="bbox 375 381 1120 498">
    <p class='ocr_par' dir='ltr' id='par_1_1' title="bbox 375 381 1120 498">
     <span class='ocr_line' id='line_1_1' title="bbox 375 381 1120 498; baseline -0.003 -44"><span class='ocrx_word' id='word_1_1' title='bbox 375 381 443 483; x_wconf 76' lang='lat'><strong>392</strong></span> <span class='ocrx_word' id='word_1_2' title='bbox 561 382 633 498; x_wconf 76' lang='lat' dir='ltr'><strong>ct.</strong></span> <span class='ocrx_word' id='word_1_3' title='bbox 658 383 702 451; x_wconf 83' lang='lat' dir='ltr'><strong>v.</strong></span> <span class='ocrx_word' id='word_1_4' title='bbox 728 381 894 452; x_wconf 78' lang='lat' dir='ltr'><strong>nonin</strong></span> <span class='ocrx_word' id='word_1_5' title='bbox 919 381 1120 454; x_wconf 84' lang='lat' dir='ltr'><strong>rorrcr.</strong></span> 
     </span>
    </p>
   </div>
   <div class='ocr_carea' id='block_1_2' title="bbox 359 557 879 658">
    <p class='ocr_par' dir='ltr' id='par_1_2' title="bbox 359 557 879 658">
     <span class='ocr_line' id='line_1_2' title="bbox 359 557 879 658; baseline -0.019 -23"><span class='ocrx_word' id='word_1_6' title='bbox 359 577 362 586; x_wconf 66' lang='lat'><strong>⁴</strong></span> <span class='ocrx_word' id='word_1_7' title='bbox 422 564 485 658; x_wconf 74' lang='lat' dir='ltr'><strong>Sp.</strong></span> <span class='ocrx_word' id='word_1_8' title='bbox 517 586 546 632; x_wconf 88' lang='grc' dir='ltr'><strong>ι.</strong></span> <span class='ocrx_word' id='word_1_9' title='bbox 573 557 686 628; x_wconf 73' lang='lat' dir='ltr'><strong>anxis</strong></span> <span class='ocrx_word' id='word_1_10' title='bbox 707 559 879 632; x_wconf 83' lang='lat' dir='ltr'><strong>Hernioe.</strong></span> 
     </span>
    </p>
   </div>
   <div class='ocr_carea' id='block_1_3' title="bbox 308 713 1327 1410">
    <p class='ocr_par' dir='ltr' id='par_1_3' title="bbox 423 713 1326 816">
     <span class='ocr_line' id='line_1_3' title="bbox 423 713 1326 816; baseline 0.006 -30"><span class='ocrx_word' id='word_1_11' title='bbox 423 713 615 804; x_wconf 82' lang='lat' dir='ltr'><strong>intestini,</strong></span> <span class='ocrx_word' id='word_1_12' title='bbox 646 717 808 802; x_wconf 86' lang='lat' dir='ltr'><strong>omenti,</strong></span> <span class='ocrx_word' id='word_1_13' title='bbox 838 715 1046 789; x_wconf 86' lang='lat' dir='ltr'><strong>aliarumve</strong></span> <span class='ocrx_word' id='word_1_14' title='bbox 1069 720 1252 816; x_wconf 88' lang='lat' dir='ltr'><strong>partium</strong></span> <span class='ocrx_word' id='word_1_15' title='bbox 1286 724 1326 791; x_wconf 88' lang='lat' dir='ltr'><strong>in</strong></span> 
     </span>
    </p>

    <p class='ocr_par' dir='ltr' id='par_1_4' title="bbox 308 832 1327 934">
     <span class='ocr_line' id='line_1_4' title="bbox 308 832 1327 934; baseline 0.002 -26"><span class='ocrx_word' id='word_1_16' title='bbox 308 874 313 883; x_wconf 49' lang='lat' dir='ltr'>v</span> <span class='ocrx_word' id='word_1_17' title='bbox 376 837 507 910; x_wconf 86' lang='lat' dir='ltr'><strong>hernia</strong></span> <span class='ocrx_word' id='word_1_18' title='bbox 525 834 732 934; x_wconf 85' lang='lat' dir='ltr'><strong>inguinali,</strong></span> <span class='ocrx_word' id='word_1_19' title='bbox 752 832 993 922; x_wconf 65' lang='lat' dir='ltr'><strong>annuenti,</strong></span> <span class='ocrx_word' id='word_1_20' title='bbox 1025 833 1205 908; x_wconf 77' lang='lat' dir='ltr'><strong>femorali</strong></span> <span class='ocrx_word' id='word_1_21' title='bbox 1225 893 1237 926; x_wconf 93' lang='lat'>‚</span> <span class='ocrx_word' id='word_1_22' title='bbox 1258 857 1327 910; x_wconf 85' lang='lat' dir='ltr'><strong>aut</strong></span> 
     </span>
    </p>

    <p class='ocr_par' dir='ltr' id='par_1_5' title="bbox 371 952 1326 1055">
     <span class='ocr_line' id='line_1_5' title="bbox 371 952 1326 1055; baseline 0.001 -27"><span class='ocrx_word' id='word_1_23' title='bbox 371 955 565 1030; x_wconf 79' lang='lat' dir='ltr'><strong>foraminis</strong></span> <span class='ocrx_word' id='word_1_24' title='bbox 577 952 690 1026; x_wconf 85' lang='lat' dir='ltr'><strong>ovalis</strong></span> <span class='ocrx_word' id='word_1_25' title='bbox 709 968 777 1025; x_wconf 91' lang='lat' dir='ltr'><strong>etc.</strong></span> <span class='ocrx_word' id='word_1_26' title='bbox 792 967 1077 1044; x_wconf 84' lang='lat' dir='ltr'><strong>contentarum,</strong></span> <span class='ocrx_word' id='word_1_27' title='bbox 1102 958 1326 1055; x_wconf 82' lang='lat' dir='ltr'><strong>strangula-</strong></span> 
     </span>
    </p>

    <p class='ocr_par' dir='ltr' id='par_1_6' title="bbox 372 1074 1327 1163">
     <span class='ocr_line' id='line_1_6' title="bbox 372 1074 1327 1163; baseline 0.002 -17"><span class='ocrx_word' id='word_1_28' title='bbox 372 1077 450 1163; x_wconf 91' lang='lat' dir='ltr'><strong>tio,</strong></span> <span class='ocrx_word' id='word_1_29' title='bbox 483 1074 739 1146; x_wconf 89' lang='lat' dir='ltr'><strong>reductionem</strong></span> <span class='ocrx_word' id='word_1_30' title='bbox 767 1096 951 1144; x_wconf 87' lang='lat' dir='ltr'><strong>recusans.</strong></span> <span class='ocrx_word' id='word_1_31' title='bbox 972 1077 1116 1145; x_wconf 85' lang='lat' dir='ltr'><strong>Tumor</strong></span> <span class='ocrx_word' id='word_1_32' title='bbox 1140 1091 1180 1147; x_wconf 89' lang='lat' dir='ltr'><strong>et</strong></span> <span class='ocrx_word' id='word_1_33' title='bbox 1210 1076 1327 1150; x_wconf 90' lang='lat' dir='ltr'><strong>dolor</strong></span> 
     </span>
    </p>

    <p class='ocr_par' dir='ltr' id='par_1_7' title="bbox 371 1189 1326 1410">
     <span class='ocr_line' id='line_1_7' title="bbox 372 1189 1326 1298; baseline 0.002 -32"><span class='ocrx_word' id='word_1_34' title='bbox 372 1217 464 1293; x_wconf 82' lang='lat' dir='ltr'><strong>saepe</strong></span> <span class='ocrx_word' id='word_1_35' title='bbox 480 1195 676 1278; x_wconf 86' lang='lat' dir='ltr'><strong>immanes;</strong></span> <span class='ocrx_word' id='word_1_36' title='bbox 698 1191 951 1290; x_wconf 88' lang='lat' dir='ltr'><strong>hyperemesia</strong></span> <span class='ocrx_word' id='word_1_37' title='bbox 966 1219 976 1280; x_wconf 92' lang='lat'>;</span> <span class='ocrx_word' id='word_1_38' title='bbox 992 1189 1189 1292; x_wconf 85' lang='lat' dir='ltr'><strong>singultus</strong></span> <span class='ocrx_word' id='word_1_39' title='bbox 1203 1225 1216 1287; x_wconf 91' lang='lat'>;</span> <span class='ocrx_word' id='word_1_40' title='bbox 1236 1223 1326 1298; x_wconf 80' lang='lat' dir='ltr'><strong>gan-</strong></span> 
     </span>
     <span class='ocr_line' id='line_1_8' title="bbox 371 1309 1203 1410; baseline 0.006 -28"><span class='ocrx_word' id='word_1_41' title='bbox 371 1336 514 1410; x_wconf 83' lang='lat' dir='ltr'><strong>graena3</strong></span> <span class='ocrx_word' id='word_1_42' title='bbox 541 1326 606 1383; x_wconf 86' lang='lat' dir='ltr'><strong>aut</strong></span> <span class='ocrx_word' id='word_1_43' title='bbox 621 1317 728 1404; x_wconf 84' lang='lat' dir='ltr'><strong>etiam</strong></span> <span class='ocrx_word' id='word_1_44' title='bbox 748 1309 958 1384; x_wconf 85' lang='lat' dir='ltr'><strong>immediate</strong></span> <span class='ocrx_word' id='word_1_45' title='bbox 983 1311 1203 1410; x_wconf 83' lang='lat' dir='ltr'><strong>sphalrelus.</strong></span> 
     </span>
    </p>
   </div>
   <div class='ocr_carea' id='block_1_4' title="bbox 372 1449 983 1679">
    <p class='ocr_par' dir='ltr' id='par_1_8' title="bbox 372 1449 983 1679">
     <span class='ocr_line' id='line_1_9' title="bbox 372 1449 983 1536; baseline -0.007 -11"><span class='ocrx_word' id='word_1_46' title='bbox 372 1459 452 1526; x_wconf 66' lang='lat' dir='ltr'><strong>Sne.</strong></span> <span class='ocrx_word' id='word_1_47' title='bbox 466 1455 602 1526; x_wconf 80' lang='lat' dir='ltr'><strong>Hernic</strong></span> <span class='ocrx_word' id='word_1_48' title='bbox 615 1452 847 1523; x_wconf 86' lang='lat' dir='ltr'><strong>incarcerata.</strong></span> <span class='ocrx_word' id='word_1_49' title='bbox 873 1449 983 1536; x_wconf 72' lang='lat' dir='ltr'><strong>Auel.</strong></span> 
     </span>
     <span class='ocr_line' id='line_1_10' title="bbox 475 1577 889 1679; baseline -0.014 -26"><span class='ocrx_word' id='word_1_50' title='bbox 475 1578 724 1679; x_wconf 80' lang='lat' dir='ltr'><strong>strangulatio</strong></span> <span class='ocrx_word' id='word_1_51' title='bbox 740 1577 889 1650; x_wconf 84' lang='lat' dir='ltr'><strong>herniae.</strong></span> 
     </span>
    </p>
   </div>
   <div class='ocr_carea' id='block_1_5' title="bbox 422 1733 893 1837">
    <p class='ocr_par' dir='ltr' id='par_1_9' title="bbox 422 1733 893 1837">
     <span class='ocr_line' id='line_1_11' title="bbox 422 1733 893 1837; baseline -0.013 -22"><span class='ocrx_word' id='word_1_52' title='bbox 422 1744 484 1837; x_wconf 77' lang='lat' dir='ltr'><strong>Sp.</strong></span> <span class='ocrx_word' id='word_1_53' title='bbox 512 1765 545 1810; x_wconf 82' lang='lat' dir='ltr'><strong>a.</strong></span> <span class='ocrx_word' id='word_1_54' title='bbox 575 1738 689 1810; x_wconf 80' lang='lat' dir='ltr'><strong>Anxis</strong></span> <span class='ocrx_word' id='word_1_55' title='bbox 710 1733 893 1812; x_wconf 71' lang='lat' dir='ltr'><strong>intestini.</strong></span> 
     </span>
    </p>
   </div>
   <div class='ocr_carea' id='block_1_6' title="bbox 245 1898 1371 2596">
    <p class='ocr_par' dir='ltr' id='par_1_10' title="bbox 420 1898 1320 2006">
     <span class='ocr_line' id='line_1_12' title="bbox 420 1898 1320 2006; baseline 0.004 -36"><span class='ocrx_word' id='word_1_56' title='bbox 420 1903 603 1972; x_wconf 89' lang='lat' dir='ltr'><strong>Portionis</strong></span> <span class='ocrx_word' id='word_1_57' title='bbox 613 1901 779 1974; x_wconf 87' lang='lat' dir='ltr'><strong>intestini</strong></span> <span class='ocrx_word' id='word_1_58' title='bbox 788 1898 1114 1997; x_wconf 87' lang='lat' dir='ltr'><strong>autappendicum</strong></span> <span class='ocrx_word' id='word_1_59' title='bbox 1128 1901 1161 1996; x_wconf 89' lang='lat' dir='ltr'><strong>ej</strong></span> <span class='ocrx_word' id='word_1_60' title='bbox 1168 1902 1320 2006; x_wconf 45' lang='lat' dir='ltr'><strong>uadem,</strong></span> 
     </span>
    </p>

    <p class='ocr_par' dir='ltr' id='par_1_11' title="bbox 245 2019 1371 2596">
     <span class='ocr_line' id='line_1_13' title="bbox 245 2019 1317 2126; baseline 0.007 -37"><span class='ocrx_word' id='word_1_61' title='bbox 245 2112 251 2126; x_wconf 39' lang='grc'>.</span> <span class='ocrx_word' id='word_1_62' title='bbox 371 2021 555 2120; x_wconf 79' lang='lat' dir='ltr'><strong>praecipue</strong></span> <span class='ocrx_word' id='word_1_63' title='bbox 574 2019 638 2091; x_wconf 92' lang='lat' dir='ltr'><strong>Ilei</strong></span> <span class='ocrx_word' id='word_1_64' title='bbox 659 2019 716 2092; x_wconf 91' lang='lat' dir='ltr'><strong>vel</strong></span> <span class='ocrx_word' id='word_1_65' title='bbox 730 2019 802 2091; x_wconf 90' lang='lat' dir='ltr'><strong>coli</strong></span> <span class='ocrx_word' id='word_1_66' title='bbox 823 2019 1036 2108; x_wconf 86' lang='lat' dir='ltr'><strong>constricti,</strong></span> <span class='ocrx_word' id='word_1_67' title='bbox 1064 2019 1104 2090; x_wconf 88' lang='lat' dir='ltr'><strong>iu</strong></span> <span class='ocrx_word' id='word_1_68' title='bbox 1129 2019 1239 2093; x_wconf 88' lang='lat' dir='ltr'><strong>idem</strong></span> <span class='ocrx_word' id='word_1_69' title='bbox 1259 2025 1317 2096; x_wconf 83' lang='lat' dir='ltr'><strong>vel</strong></span> 
     </span>
     <span class='ocr_line' id='line_1_14' title="bbox 373 2135 1317 2238; baseline 0.008 -31"><span class='ocrx_word' id='word_1_70' title='bbox 373 2139 413 2208; x_wconf 90' lang='lat' dir='ltr'><strong>in</strong></span> <span class='ocrx_word' id='word_1_71' title='bbox 426 2135 1317 2238; x_wconf 82' lang='lat' dir='ltr'><strong>aliudintestinumdilatatumimrnersio,quan·</strong></span> 
     </span>
     <span class='ocr_line' id='line_1_15' title="bbox 369 2253 1371 2360; baseline 0.007 -33"><span class='ocrx_word' id='word_1_72' title='bbox 369 2256 494 2352; x_wconf 91' lang='lat' dir='ltr'><strong>doque</strong></span> <span class='ocrx_word' id='word_1_73' title='bbox 512 2253 558 2325; x_wconf 89' lang='lat' dir='ltr'><strong>ad</strong></span> <span class='ocrx_word' id='word_1_74' title='bbox 576 2279 747 2356; x_wconf 86' lang='lat' dir='ltr'><strong>magnam</strong></span> <span class='ocrx_word' id='word_1_75' title='bbox 762 2255 1059 2356; x_wconf 67' lang='lat' dir='ltr'><strong>longitudinem</strong></span> <span class='ocrx_word' id='word_1_76' title='bbox 1081 2255 1317 2360; x_wconf 85' lang='lat' dir='ltr'><strong>plerumque</strong></span> <span class='ocrx_word' id='word_1_77' title='bbox 1370 2331 1371 2334; x_wconf 74' lang='grc'>,</span> 
     </span>
     <span class='ocr_line' id='line_1_16' title="bbox 371 2370 1314 2472; baseline 0.01 -28"><span class='ocrx_word' id='word_1_78' title='bbox 371 2370 596 2445; x_wconf 88' lang='lat' dir='ltr'><strong>cumdolore</strong></span> <span class='ocrx_word' id='word_1_79' title='bbox 607 2373 1314 2472; x_wconf 83' lang='lat' dir='ltr'><strong>plusminusveviolento,ischocoilia,</strong></span> 
     </span>
     <span class='ocr_line' id='line_1_17' title="bbox 370 2479 1162 2596; baseline 0.003 -30"><span class='ocrx_word' id='word_1_80' title='bbox 370 2516 507 2566; x_wconf 87' lang='lat' dir='ltr'><strong>nausea</strong></span> <span class='ocrx_word' id='word_1_81' title='bbox 525 2493 582 2566; x_wconf 85' lang='lat' dir='ltr'><strong>vel</strong></span> <span class='ocrx_word' id='word_1_82' title='bbox 598 2479 851 2594; x_wconf 81' lang='lat' dir='ltr'><strong>hyperemesia</strong></span> <span class='ocrx_word' id='word_1_83' title='bbox 870 2496 998 2570; x_wconf 88' lang='lat' dir='ltr'><strong>rebelli</strong></span> <span class='ocrx_word' id='word_1_84' title='bbox 1014 2497 1162 2596; x_wconf 86' lang='lat' dir='ltr'><strong>stipata.</strong></span> 
     </span>
    </p>
   </div>
   <div class='ocr_carea' id='block_1_7' title="bbox 370 2633 1257 2973">
    <p class='ocr_par' dir='ltr' id='par_1_12' title="bbox 370 2633 1257 2973">
     <span class='ocr_line' id='line_1_18' title="bbox 370 2633 582 2706; baseline -0.024 0"><span class='ocrx_word' id='word_1_85' title='bbox 370 2640 452 2706; x_wconf 75' lang='lat' dir='ltr'><strong>Str.</strong></span> <span class='ocrx_word' id='word_1_86' title='bbox 478 2633 582 2705; x_wconf 90' lang='lat' dir='ltr'><strong>lleus.</strong></span> 
     </span>
     <span class='ocr_line' id='line_1_19' title="bbox 476 2753 1257 2836; baseline 0.015 -12"><span class='ocrx_word' id='word_1_87' title='bbox 476 2753 667 2826; x_wconf 85' lang='lat' dir='ltr'><strong>volvulus.</strong></span> <span class='ocrx_word' id='word_1_88' title='bbox 1137 2763 1257 2836; x_wconf 73' lang='lat' dir='ltr'><strong>Auci.</strong></span> 
     </span>
     <span class='ocr_line' id='line_1_20' title="bbox 479 2876 1064 2973; baseline 0.01 -29"><span class='ocrx_word' id='word_1_89' title='bbox 479 2876 768 2973; x_wconf 86' lang='lat' dir='ltr'><strong>lntrosusceptio</strong></span> <span class='ocrx_word' id='word_1_90' title='bbox 787 2876 1064 2950; x_wconf 84' lang='lat' dir='ltr'><strong>intestinorum.</strong></span> 
     </span>
    </p>
   </div>
   <div class='ocr_carea' id='block_1_8' title="bbox 421 3028 817 3130">
    <p class='ocr_par' dir='ltr' id='par_1_13' title="bbox 421 3028 817 3130">
     <span class='ocr_line' id='line_1_21' title="bbox 421 3028 817 3130; baseline -0.003 -24"><span class='ocrx_word' id='word_1_91' title='bbox 421 3036 482 3130; x_wconf 74' lang='lat' dir='ltr'><strong>up.</strong></span> <span class='ocrx_word' id='word_1_92' title='bbox 512 3028 545 3108; x_wconf 82' lang='lat'><strong>3.</strong></span> <span class='ocrx_word' id='word_1_93' title='bbox 575 3033 687 3104; x_wconf 83' lang='lat' dir='ltr'><strong>Anxis</strong></span> <span class='ocrx_word' id='word_1_94' title='bbox 701 3037 817 3110; x_wconf 84' lang='lat' dir='ltr'><strong>Recti.</strong></span> 
     </span>
    </p>
   </div>
   <div class='ocr_carea' id='block_1_9' title="bbox 419 3193 1298 3297">
    <p class='ocr_par' dir='ltr' id='par_1_14' title="bbox 419 3193 1298 3297">
     <span class='ocr_line' id='line_1_22' title="bbox 419 3193 1298 3297; baseline 0.014 -35"><span class='ocrx_word' id='word_1_95' title='bbox 419 3193 589 3263; x_wconf 87' lang='lat' dir='ltr'><strong>Intestini</strong></span> <span class='ocrx_word' id='word_1_96' title='bbox 605 3193 696 3263; x_wconf 90' lang='lat' dir='ltr'><strong>recti</strong></span> <span class='ocrx_word' id='word_1_97' title='bbox 710 3217 754 3264; x_wconf 86' lang='lat' dir='ltr'><strong>ex</strong></span> <span class='ocrx_word' id='word_1_98' title='bbox 768 3217 841 3264; x_wconf 84' lang='lat' dir='ltr'><strong>ano</strong></span> <span class='ocrx_word' id='word_1_99' title='bbox 857 3193 1021 3295; x_wconf 84' lang='lat' dir='ltr'><strong>prolapsi</strong></span> <span class='ocrx_word' id='word_1_100' title='bbox 1037 3199 1298 3297; x_wconf 84' lang='lat' dir='ltr'><strong>strangulatio,</strong></span> 
     </span>
    </p>
   </div>
   <div class='ocr_carea' id='block_1_10' title="bbox 365 3433 1298 3814">
    <p class='ocr_par' dir='ltr' id='par_1_15' title="bbox 365 3433 1298 3814">
     <span class='ocr_line' id='line_1_23' title="bbox 366 3433 1298 3526; baseline 0.016 -36"><span class='ocrx_word' id='word_1_101' title='bbox 366 3433 565 3506; x_wconf 80' lang='lat' dir='ltr'><strong>muscularcs,</strong></span> <span class='ocrx_word' id='word_1_102' title='bbox 591 3447 705 3516; x_wconf 84' lang='lat' dir='ltr'><strong>partem</strong></span> <span class='ocrx_word' id='word_1_103' title='bbox 731 3440 913 3520; x_wconf 84' lang='lat' dir='ltr'><strong>superiorein</strong></span> <span class='ocrx_word' id='word_1_104' title='bbox 936 3441 1048 3502; x_wconf 74' lang='lat' dir='ltr'><strong>herniae</strong></span> <span class='ocrx_word' id='word_1_105' title='bbox 1070 3445 1119 3502; x_wconf 82' lang='lat' dir='ltr'><strong>vel</strong></span> <span class='ocrx_word' id='word_1_106' title='bbox 1148 3445 1298 3526; x_wconf 79' lang='lat' dir='ltr'><strong>prolapsus</strong></span> 
     </span>
     <span class='ocr_line' id='line_1_24' title="bbox 366 3530 1293 3622; baseline 0.017 -34"><span class='ocrx_word' id='word_1_107' title='bbox 366 3530 531 3609; x_wconf 83' lang='lat' dir='ltr'><strong>cingentes,</strong></span> <span class='ocrx_word' id='word_1_108' title='bbox 548 3535 728 3616; x_wconf 83' lang='lat' dir='ltr'><strong>ultraquam</strong></span> <span class='ocrx_word' id='word_1_109' title='bbox 741 3539 824 3620; x_wconf 80' lang='lat' dir='ltr'><strong>sequi</strong></span> <span class='ocrx_word' id='word_1_110' title='bbox 837 3552 981 3621; x_wconf 74' lang='lat' dir='ltr'><strong>possum,</strong></span> <span class='ocrx_word' id='word_1_111' title='bbox 1002 3541 1233 3622; x_wconf 74' lang='lat' dir='ltr'><strong>distenduntur,</strong></span> <span class='ocrx_word' id='word_1_112' title='bbox 1250 3549 1293 3604; x_wconf 75' lang='lat' dir='ltr'><strong>vil</strong></span> 
     </span>
     <span class='ocr_line' id='line_1_25' title="bbox 366 3630 1292 3726; baseline 0.027 -40"><span class='ocrx_word' id='word_1_113' title='bbox 366 3630 452 3690; x_wconf 76' lang='lat' dir='ltr'><strong>etiam</strong></span> <span class='ocrx_word' id='word_1_114' title='bbox 476 3651 513 3690; x_wconf 81' lang='lat' dir='ltr'><strong>cx</strong></span> <span class='ocrx_word' id='word_1_115' title='bbox 539 3634 570 3692; x_wconf 78' lang='lat' dir='ltr'><strong>vi</strong></span> <span class='ocrx_word' id='word_1_116' title='bbox 591 3637 763 3700; x_wconf 77' lang='lat' dir='ltr'><strong>mechanica</strong></span> <span class='ocrx_word' id='word_1_117' title='bbox 785 3650 908 3704; x_wconf 82' lang='lat' dir='ltr'><strong>externe</strong></span> <span class='ocrx_word' id='word_1_118' title='bbox 929 3651 1042 3724; x_wconf 81' lang='lat' dir='ltr'><strong>partem</strong></span> <span class='ocrx_word' id='word_1_119' title='bbox 1063 3647 1292 3726; x_wconf 72' lang='lat' dir='ltr'><strong>comprimente,</strong></span> 
     </span>
     <span class='ocr_line' id='line_1_26' title="bbox 365 3731 891 3814; baseline 0.025 -26"><span class='ocrx_word' id='word_1_120' title='bbox 365 3739 418 3796; x_wconf 70' lang='lat' dir='ltr'><strong>aut</strong></span> <span class='ocrx_word' id='word_1_121' title='bbox 436 3733 668 3814; x_wconf 75' lang='lat' dir='ltr'><strong>constringente.</strong></span> <span class='ocrx_word' id='word_1_122' title='bbox 888 3731 891 3744; x_wconf 79' lang='grc'><strong>’</strong></span> 
     </span>
    </p>
   </div>
   <div class='ocr_carea' id='block_1_11' title="bbox 0 0 1400 4852">
    <p class='ocr_par' dir='ltr' id='par_1_16' title="bbox 0 0 1400 4852">
     <span class='ocr_line' id='line_1_27' title="bbox 0 0 1400 4852; baseline 0 0"><span class='ocrx_word' id='word_1_123' title='bbox 0 0 1400 4852; x_wconf 95' lang='lat' dir='ltr'><strong> </strong></span> 
     </span>
    </p>
   </div>
  </div>
 </body>
</html>
