2808 4862
286 421 330 488 o.
355 415 383 485 1.
409 411 755 486 Discursus.
940 407 988 504 59

108 575 258 644 Humor
273 569 479 668 lacrymalie
496 570 537 641 in
552 566 716 640 Rubeoln
727 591 819 666 saepe
839 589 987 640 summe

68 693 153 762 acris
164 707 232 775 est,
243 688 605 776 corrosiva‚ductum
618 685 776 759 nasalem
787 687 989 776 excorians,

70 827 101 880 et
126 811 434 882 sternutationem
460 807 692 908 frequentem
723 809 884 880 excitans
907 838 916 877 ε
939 813 984 880 In

71 955 193 1021 coryza
205 931 316 1002 initio
327 929 449 1002 tenuis
459 982 468 1018 ‚
479 929 593 1016 acris,
607 927 777 1028 limpida;
792 951 988 1028 progressu

73 1047 189 1120 morbi
211 1051 383 1137 crassior,
411 1051 575 1120 tenacior
591 1045 635 1118 fit
653 1061 689 1120 et
706 1045 926 1120 flareoeens:
949 1046 989 1118 in

73 1169 237 1268 phlogosi
249 1168 507 1268 giandularum
522 1169 624 1256 tarsi,
635 1169 674 1240 in
684 1164 856 1254 scrofuh,
866 1164 991 1236 aliisve

74 1290 209 1364 morbis
237 1291 409 1389 gravibus
428 1315 520 1390 sape
543 1292 584 1362 in
602 1303 699 1362 tarso
726 1289 767 1363 in
789 1287 985 1360 humorem

73 1435 230 1484 crassum
242 1421 345 1508 (Δημη
359 1417 427 1510 gr.)
440 1411 667 1511 inspissatur.

75 1670 114 1737 G.
147 1669 292 1738 ccxl.
391 1667 718 1740 DYsHmntt.

118 1830 182 1898 Gr.
209 1828 363 1924 Δυσιδρία,
382 1848 404 1894 a
422 1827 490 1910 δυς,
510 1822 657 1909 vitiose,
683 1833 720 1892 et
734 1799 842 1916 ἱδρὼς,
859 1789 989 1891 sudor:

74 1944 224 2016 Sudoris
243 1959 307 2016 aut
320 1943 491 2016 humoris
505 1965 573 2042 per
587 1953 710 2011 cutem
728 1933 995 2036 transpirabilis

75 2063 264 2154 dyscrasia.
978 2070 982 2076 '

127 2281 268 2368 Sudor
281 2279 566 2393 spissitudine,
593 2278 797 2366 tenuitate
811 2307 990 2392 aquosa,

81 2433 149 2498 aut
164 2414 396 2500 acrimonia
410 2443 601 2528 peccans.

129 2631 186 2726 Sp.
219 2651 251 2698 r.
277 2626 471 2720 Dysbidria
497 2629 640 2727 Spicea.

128 2826 247 2900 Sudor
262 2839 391 2919 tenax,
423 2827 584 2897 viscosus
599 2823 777 2896 almitate
792 2837 857 2895 aut
870 2821 998 2896 debili-

85 2959 151 3017 tate
180 2966 352 3018 vasorum
385 2959 625 3016 cutaneorum
658 2957 785 3030 ortus,
826 2959 998 3041 magnam

86 3067 325 3160 quantitatem
358 3063 578 3153 albuminis,
614 3075 651 3135 et
686 3061 851 3160 gelatinae
882 3065 999 3136 conti·

86 3197 162 3273 net3
186 3184 371 3283 praecipue
389 3185 430 3254 in
452 3181 591 3254 morbis
607 3180 822 3270 arthenicis,
851 3196 889 3252 ct
903 3193 997 3254 tunc

85 3297 302 3398 plerumque
317 3324 403 3372 curn
414 3301 547 3398 frigore
560 3301 656 3372 cutis
666 3301 821 3395 junctus
838 3311 902 3371 est.

88 3603 213 3682 palatum
230 3605 316 3684 qussi
333 3605 414 3666 suro
426 3605 529 3666 adorta
543 3604 697 3678 admi,
715 3601 766 3666 sed
776 3601 862 3664 ctiam
873 3609 1003 3662 crustant

88 3699 300 3763 mamutium
315 3701 448 3764 cientium
462 3704 534 3764 adeo
545 3711 725 3778 corrosuri,
748 3710 783 3762 nt
794 3699 895 3762 dente·
908 3699 1005 3762 emol-
1054 3775 1059 3789 Ι

87 3797 152 3874 ΗΕ,
167 3799 235 3864 dan
247 3803 326 3864 carie
341 3804 421 3864 exesi
433 3803 609 3866 deciderent.
