2936 4858
410 383 481 460 382
582 382 660 452 CL.
697 383 741 454 V.
775 379 943 454 noant
975 381 1177 464 Torlct..

409 531 447 598 9.
462 526 494 596 A
508 522 745 595 concretione
762 509 948 620 portionis
959 521 1154 620 sanguinis
1179 519 1344 598 alburni·

459 667 556 716 notar
573 641 632 716 rel
650 639 796 716 fibrina
809 695 821 731 ‚
836 639 950 739 vulgo
968 639 1147 741 polypoea
1162 639 1281 734 diota,
1298 645 1342 716 in

408 761 541 852 corde,
558 776 679 849 norm,
704 783 798 834 vena
810 784 908 834 cava.

410 913 432 956 t.
453 894 481 955 A
498 881 636 953 stenosi
651 893 761 952 aortae
776 903 893 979 prope
912 903 986 952 cor.

409 1031 439 1072 κ.
466 999 520 1081 Ab
538 1001 712 1075 exercitio
730 1001 896 1098 corporis
916 997 1101 1090 violento,
1133 997 1345 1098 praeprimis

458 1121 643 1224 portando
659 1119 825 1220 pondera
840 1120 974 1220 gravia.

408 1245 439 1317 λ.
465 1237 1099 1341 Aepasmisautconvulsionibus.¹
1195 1254 1198 1260 ’

409 1392 444 1456 μ.
461 1358 520 1432 Ab
536 1359 654 1430 animi
672 1353 1251 1456 patheinatibnsvehementibns.

269 1567 279 1584 x
410 1509 439 1552 ν.
463 1477 518 1552 Ab
533 1477 726 1577 emphraxi
743 1499 913 1550 vanorum
931 1490 997 1550 aut
1013 1478 1195 1550 viscerum
1218 1475 1344 1548 abdo-

460 1593 673 1668 minalium.
704 1673 706 1676 ,

410 1717 437 1800 ξ.
468 1714 697 1814 Apolypiote
710 1712 894 1814 generali,
907 1711 971 1788 sed
986 1713 1255 1813 potissimnma
1271 1735 1343 1810 po-

460 1835 602 1935 lypiote
618 1835 739 1908 cordis
753 1835 871 1910 locali.

414 1988 442 2028 ο.
468 1959 501 2027 A
520 1955 660 2028 morbis
676 1957 772 2027 cutis
785 1952 1012 2052 retropulsis.

411 2105 444 2149 π.
470 2074 529 2147 Ab
545 2076 712 2146 erosione
736 2087 802 2145 aut
819 2073 941 2145 ulcere
957 2074 1088 2148 cordis.

411 2221 440 2290 ρ.
465 2194 497 2262 A
521 2191 646 2264 subito
662 2206 697 2263 et
714 2190 877 2262 violento
892 2188 1039 2289 frigore.

414 2341 443 2386 o.
469 2315 500 2382 A
517 2299 736 2382 contusione
750 2310 932 2398 violenta,
961 2313 1055 2400 ictu,
1076 2309 1192 2410 lapan.

413 2461 441 2502 τ.
469 2435 500 2502 A
521 2431 701 2528 pennati,
722 2432 814 2502 tnsai
828 2431 1057 2504 vehemente.

414 2582 443 2622 n.
471 2553 502 2624 A
518 2551 789 2651 compressione
812 2553 1029 2622 arteriarum
1045 2565 1289 2650 permanente
1301 2577 1347 2624 ex

321 2730 326 2740 .
463 2695 572 2744 musa
606 2693 853 2770 quacunque,
896 2674 1080 2770 prmoipne
1107 2695 1152 2744 ex
1174 2673 1345 2773 positura

461 2793 626 2890 corporis
644 2789 824 2864 habituali
845 2813 1025 2890 perversa.

418 3079 462 3149 G.
498 3071 691 3146 CCXCVII.
778 3069 1179 3144 AORTEVRYSMA.

467 3240 531 3310 Gr.
563 3223 783 3334 Aopriopoopa.

471 3479 603 3560 Arcus
622 3485 750 3557 aortae
769 3445 956 3556 dilatatio
976 3469 1221 3582 abnormis3
1248 3473 1342 3586 pol-

415 3605 597 3724 pitatio,
635 3605 850 3718 praeoipno
882 3629 939 3688 ex
976 3621 1135 3716 motu,
1174 3637 1343 3694 summe

416 3735 602 3824 violenta
617 3763 632 3842 ;
649 3730 838 3846 alysmus
848 3765 863 3843 3
894 3739 1113 3850 oppressio
1136 3740 1346 3854 pectoris;
