2808 4862
382 368 429 442 56
478 373 874 446 marmoraria
893 379 1226 476 armcoenm.

427 575 492 672 Sp.
520 601 552 648 a.
572 550 768 666 Dyseholia
792 579 940 655 Tenuis.

429 749 516 822 Bilis
527 755 669 840 tenuis,
691 753 749 824 vel
761 779 897 852 aquosa
912 759 1012 828 iners
1025 771 1100 845 est,
1129 755 1188 829 vel
1201 752 1308 828 simul

318 893 321 902 ’
375 871 576 942 acrimonia
588 889 723 970 peccat.
732 879 879 971 Aquosa
892 877 990 946 iners
1003 878 1042 946 in
1054 873 1306 948 osteomalalria

377 990 565 1064 infantum
579 1007 614 1063 et
627 991 794 1091 hydrope
805 991 980 1094 frequens
993 1021 1001 1065 ε
1014 997 1155 1066 Tenuis
1169 1010 1209 1066 et
1223 993 1310 1065 acris
1384 1049 1385 1065 r

378 1137 471 1212 saepe
484 1114 523 1184 in
537 1111 757 1213 cholepyriS.

431 1312 493 1404 Sp.
524 1313 555 1378 3,
584 1307 780 1405 Dyseholia
796 1311 920 1384 Acria.

430 1485 518 1558 Bilis
540 1489 741 1558 acrimonia
759 1490 895 1578 variat,
921 1503 964 1561 ut
981 1515 1025 1561 ex
1043 1492 1088 1576 iis
1102 1517 1187 1589 quae
1203 1515 1312 1590 snpra

383 1603 429 1676 de
452 1603 592 1694 analysi
621 1604 707 1675 hilis
726 1605 824 1690 dixi,
852 1589 962 1704 patet.
990 1611 1208 1680 Acrimonia
1236 1609 1313 1680 resi·

383 1749 491 1810 nosa,
517 1749 538 1793 a
568 1724 687 1793 resina
711 1726 917 1820 quantitate
941 1741 1005 1796 aut
1027 1727 1208 1823 qualitate
1236 1751 1313 1824 pec·

384 1861 506 1928 eante,
527 1847 564 1915 in
585 1843 731 1915 climate
744 1843 863 1915 calido
877 1843 1198 1941 frequentissima,
1215 1844 1314 1945 apud
1384 1843 1385 1932 i

385 1986 452 2032 nos
465 1963 573 2032 etiam
588 1977 707 2032 astate
720 1960 905 2060 frequens,
918 1963 1019 2034 node
1029 1961 1314 2061 cholerrhagiae,

382 2096 447 2150 aut
458 2079 673 2168 dysenteriae
683 2079 820 2154 biliosae
831 2137 841 2170 ‚
854 2080 1059 2178 cholepyrae
1073 2136 1081 2168 ,
1098 2081 1248 2178 hepatis
1261 2084 1313 2150 in·

383 2197 1313 2298 sarctus,inflammatio,abscessusBilisacidasaepe

383 2319 425 2392 fit
437 2319 604 2397 abacidis
615 2324 647 2392 ei
660 2325 697 2392 in
712 2321 886 2394 duodeno
900 2322 1162 2394 ultramodum
1175 2322 1313 2394 admix-

347 2491 353 2500 -
381 2443 450 2536 tis,
472 2441 572 2512 unde
584 2444 715 2568 primo
744 2457 930 2513 saturatur
952 2441 1061 2530 soda,
1086 2457 1120 2512 et
1146 2444 1312 2540 praeeipi-

382 2576 482 2632 ratur
507 2565 651 2648 resina,
675 2563 761 2642 dein
787 2563 862 2634 haec
882 2564 958 2659 ipsa
982 2561 1186 2638 acidissimo
1211 2561 1257 2633 fit
1279 2575 1313 2632 et

379 2682 573 2771 acerrima,
589 2681 737 2774 viridis,
755 2707 946 2780 porraoea,
962 2683 1190 2779 aeruginosa,
1211 2679 1313 2752 faeces

381 2799 507 2872 eodem
530 2799 650 2870 colore
669 2803 824 2896 tingens.
845 2799 1011 2870 Eundem
1028 2797 1201 2869 effectum
1220 2822 1313 2896 saepe

381 2917 616 2990 observamus
632 2943 652 2988 a
671 2921 937 3016 perspiratione
954 2916 1079 2990 subito
1094 2941 1312 3016 suppressa,

379 3062 399 3106 a
412 3035 433 3106 d
436 3035 661 3126 ysodontiasi
676 3035 861 3106 infantum
873 3051 913 3124 ,a
929 3036 1032 3107 diaeta
1046 3059 1175 3134 prava,
1191 3035 1246 3106 ira
1260 3059 1313 3106 ve

379 3158 626 3244 hementietc3
644 3155 1001 3254 undecholerrhagia
1011 3154 1183 3242 violenta,
1192 3155 1310 3226 vomi-

379 3292 440 3349 tus
451 3279 690 3376 aruginosus,
704 3274 920 3372 enteralgia,
931 3273 1138 3364 dysenteria
1146 3289 1214 3344 etc.
1225 3271 1312 3345 Bilis

371 3403 528 3491 putrida
542 3395 662 3486 snsca,
678 3397 804 3494 nigra,
823 3391 1048 3496 plerumque
1063 3391 1177 3464 simul
1194 3395 1313 3464 instar

376 3515 470 3611 picis
486 3517 616 3613 spissa,
645 3514 871 3614 quandoque
896 3512 1028 3584 coloris
1046 3513 1213 3600 cinerei,
1242 3535 1311 3610 pn·

375 3632 515 3703 tridum
549 3632 605 3704 vel
628 3636 736 3704 etiam
763 3633 928 3704 ambram
960 3631 1129 3703 redolens
1157 3657 1167 3719 ;
1207 3629 1311 3702 unde

375 3777 519 3824 summa
530 3753 665 3824 virium
682 3754 898 3850 prostratio,
913 3751 1097 3850 alysmns,
1120 3753 1311 3850 oppressio
