2754 4858
273 465 317 535 0.
352 463 418 534 VI.
451 458 704 532 ONGOSES.
888 455 956 532 551

27 595 198 699 patellam
224 623 266 672 ae
290 599 362 672 snb
386 597 514 672 eadem
543 597 590 670 ad
620 596 732 672 latera
767 595 962 698 ligamenti

27 717 252 816 capsularis,
288 719 571 792 fluctuationem
609 720 809 793 mentiens.
846 721 961 794 Initio

27 849 151 906 motus
169 835 320 912 articuli
336 858 496 936 mmm,
524 835 661 910 deinde
683 838 801 935 magis
830 833 959 912 moles·

27 965 111 1042 tus,
140 978 182 1025 ac
209 953 433 1056 plerumque
458 979 605 1028 summe
627 953 864 1048 dolorificus,
892 927 961 1032 diu

27 1085 220 1170 noctuque
238 1075 493 1166 ,excrucians3
522 1089 651 1148 tumor
686 1077 727 1146 in
771 1078 963 1176 superiore

27 1198 130 1284 parte
161 1207 262 1287 genu
288 1191 467 1292 paulatim
491 1215 681 1285 crescens,
706 1193 857 1270 tandem
886 1219 962 1270 sese

27 1327 117 1404 saepe
145 1309 256 1382 etiam
281 1311 437 1390 inferius
465 1309 537 1388 sub
558 1307 702 1416 poplite
731 1311 963 1404 extendens,

27 1423 156 1502 durior
173 1429 319 1524 evadit,
342 1461 443 1509 venae
458 1435 554 1510 cutis
570 1433 739 1509 varicosae
765 1425 891 1525 fidnt,
923 1449 962 1508 et

27 1547 208 1646 glandulae
222 1553 431 1658 inguinales
447 1559 719 1632 intumescunt.
739 1595 795 1612 —
807 1553 964 1629 Morbus

27 1669 130 1744 initio
144 1687 250 1746 extra
264 1699 394 1748 cavum
408 1675 556 1750 articuli
568 1675 608 1749 in
620 1669 836 1778 membrana
849 1671 964 1748 cellu-
987 1677 992 1686 ’

27 1787 116 1882 losa,
145 1789 343 1894 capsulam
363 1791 512 1868 articuli
536 1787 818 1884 circumdante,
848 1796 963 1884 situs,

27 1907 177 1986 tandem
191 1911 322 1988 bursas
335 1912 599 2006 synovialesad
618 1911 731 1987 latera
752 1913 962 2014 ligamenti,

27 2055 136 2132 prope
152 2057 203 2106 ac
217 2059 329 2136 supra
342 2033 514 2136 patellam
526 2028 774 2125 sitas,afficit,
791 2028 893 2106 unde
906 2055 963 2104 ee-

27 2175 106 2222 rum
120 2167 167 2226 tu
174 2177 268 2244 mor,
284 2169 320 2228 et
337 2155 566 2256 quandoque
581 2153 739 2227 adhesio
755 2149 861 2226 lonis
873 2173 961 2224 curu

27 2285 103 2343 :ute
132 2287 396 2372 superstrata;
432 2299 525 2374 sepe
555 2271 752 2348 accedente
788 2273 961 2372 strophia

27 2391 187 2466 membri
200 2391 343 2486 affecti,
359 2409 609 2484 contractura,
626 2407 692 2466 aut
702 2391 963 2466 immobilitate

28 2510 177 2582 articuli
189 2509 383 2605 chronica,
398 2509 643 2613 epiphysibus
660 2511 801 2584 ossium
820 2511 963 2582 interea

28 2632 138 2702 sanis.
155 2633 390 2734 Quandoque
416 2637 527 2710 etiam
554 2649 676 2710 textus
698 2630 883 2706 celluliris
905 2632 962 2702 in·

28 2762 210 2820 crassatus
227 2767 264 2822 et
279 2753 476 2826 induratus
492 2753 710 2852 degenerat,
738 2763 775 2822 et
793 2749 964 2822 cavitates
1085 2825 1092 2841 ,

28 2865 168 2938 format
187 2865 311 2942 ichore
328 2871 422 2945 flavo
435 2871 616 2974 repletas,
640 2871 860 2970 insequente
886 2891 963 2939 con

28 2986 209 3086 ruptione
224 2993 374 3063 ossium.

29 3157 109 3222 irre.
118 3153 262 3225 Tumor
272 3151 453 3252 fungosus
464 3152 721 3226 articulorum.

127 3319 249 3338 --
269 3275 520 3377 lymphaticus
533 3271 789 3349 articulorum.

124 3435 246 3453 -·-
268 3395 426 3498 frigidus
443 3395 698 3472 articulorum.

130 3509 283 3618 Fungus
304 3517 561 3598 articulorum.

135 3633 275 3712 Tumor
287 3641 395 3716 albus
409 3665 589 3742 genuum.

134 3753 329 3855 Aokylosis
349 3763 487 3862 spuria.

832 3377 950 3523 Aucti
