2756 4850
321 403 363 472 0.
401 403 469 472 v1.
506 401 772 474 oeceses.
938 405 1009 502 467

67 599 124 672 G.
154 601 363 671 cccxxxl.
396 601 937 674 ADENOSCLEROSIS.

138 781 309 866 Tumor
330 779 539 894 glandulae
557 780 747 892 cujusvis
767 779 927 882 durus,
947 780 1013 864 in·

75 911 260 1022 dolens,
281 915 368 998 cuti
386 913 612 1016 concolor,
629 909 885 1020 chronicus,
901 943 1011 1026 seepe

76 1043 229 1128 subito
248 1060 343 1158 post
358 1043 675 1144 contusionem,
698 1039 921 1156 phlogosin
941 1057 1014 1127 aut

81 1178 216 1260 eriam
240 1192 335 1290 post
357 1176 710 1292 suppurationem
730 1175 777 1258 in
794 1189 912 1285 perte
936 1204 1013 1288 ep-

73 1339 262 1421 parens,
282 1309 537 1422 quandoque
552 1324 701 1422 sppnte
716 1305 922 1420 gradatim
938 1305 1015 1391 dis·

85 1441 272 1546 cedens,
308 1459 382 1526 aut
414 1471 490 1556 per
518 1441 652 1526 vitam
672 1441 763 1526 sine
778 1441 1014 1526 mutatione

85 1569 274 1682 durans3
290 1570 572 1685 aliquandoin
583 1585 797 1686 apostema
814 1585 855 1652 et
873 1568 991 1652 ulcus
1000 1633 1014 1672 ,

88 1701 165 1784 sed
210 1731 432 1812 nunquam
480 1703 527 1784 in
570 1699 814 1786 carkinoma
855 1699 1014 1784 abiens.

90 1833 277 1918 Morbus
295 1863 318 1916 a
337 1833 530 1946 practicis
546 1830 801 1946 plerumque
816 1829 1017 1918 Skirrhus

92 1965 328 2080 appellatus
354 2034 366 2074 ,
407 1967 480 2052 sed
515 1995 569 2050 ex
589 1964 827 2050 charactere
845 1963 970 2072 date,
990 1994 1014 2049 a

93 2096 271 2184 Skirrho
289 2099 422 2212 probe
438 2093 772 2210 ‹listinguendus

96 2351 141 2424 G.
166 2353 390 2423 CCCXXXII.
492 2355 514 2420 S
525 2355 557 2420 K
566 2353 619 2420 lR
630 2355 660 2422 R
672 2351 704 2422 H
715 2353 749 2421 U
762 2351 797 2424 S.

143 2496 203 2562 Gr.
223 2497 357 2590 Σχιῑέῥος.

153 2693 321 2776 Tumor
343 2689 575 2802 glandulae‚
605 2690 726 2774 initio
746 2719 915 2801 semper
934 2689 1022 2775 uni-

99 2849 195 2922 cus,
222 2821 377 2924 durus,
402 2822 628 2922 rotundus,
660 2820 914 2935 plerumque
939 2849 1024 2906 mo·

98 2953 220 3056 bilis,
239 2955 325 3038 cuti
339 2952 566 3055 concolor,
586 2951 806 3058 indolens3
823 2950 1026 3064 paulatim

99 3085 227 3170 modo
245 3087 368 3170 citius
381 3151 394 3190 ‚
418 3085 547 3168 modo
569 3083 729 3167 tardius
756 3085 994 3168 increscens
1012 3111 1026 3190 3

103 3249 300 3302 cnesmus
316 3217 361 3300 in
378 3230 496 3332 parte
512 3213 657 3300 affecta
668 3283 681 3321 ,
699 3215 796 3299 dein
816 3217 942 3300 etiam
958 3215 1027 3299 do-

102 3347 210 3432 lores
222 3365 480 3460 pungentes,
501 3344 760 3430 lancinantes
777 3345 1027 3449 transitorii,

103 3479 305 3562 autdolor
318 3478 506 3584 obtusus,
520 3477 788 3591 pulsatorius.
803 3478 1032 3588 Progressa

102 3623 244 3692 iumor
254 3625 399 3692 auctus
413 3607 543 3720 magis
555 3607 702 3714 durae,
718 3605 889 3692 tandem
902 3605 1033 3690 duris·

108 3737 237 3822 simus
252 3799 265 3846 ,
281 3735 504 3850 superficie
524 3735 757 3852 inaequalis,
773 3735 1003 3826 immobilis
1016 3799 1032 3842 ,
