2792 4852
251 388 293 457 o.
326 386 369 456 ν.
401 381 814 456 srnuainounn.
925 373 997 476 393

30 541 216 596 tumore
230 525 398 612 enormi,
426 546 572 595 summe
598 519 811 610 dolorifico,
836 533 874 593 et
895 518 1003 619 phlo-

34 648 139 744 gosi
173 669 270 744 saepe
289 645 364 716 cito
381 658 699 742 gangraenescente
711 643 856 741 stipata.

105 823 182 920 Sp.
210 823 246 908 4.
275 820 390 892 anxis
418 823 522 894 Uteri
537 835 603 892 aut
622 821 664 894 V
660 824 783 916 oginoe
802 823 909 892 uteri.

109 1003 270 1099 Vaginae
287 1003 401 1089 uteri,
416 1015 482 1074 aut
497 1002 593 1074 uteri
607 1003 724 1100 ipsius
734 1025 778 1072 ex
793 999 901 1072 vulva
916 1025 1003 1100 pro·
1023 1033 1028 1055 i

45 1121 161 1218 lapsi
189 1120 459 1219 strangulatio,
493 1122 712 1218 insequente
735 1135 911 1210 tumore,
941 1121 1005 1192 do·

52 1239 146 1312 lore
165 1293 176 1328 ,
202 1239 374 1340 phlogosi
391 1255 428 1312 et
444 1238 672 1336 quandoque
687 1263 906 1338 gangraena,
937 1255 1007 1314 aut
1090 1292 1093 1305 ,

61 1357 255 1458 sphakelo
284 1359 358 1430 cito
383 1355 520 1446 lethali,

124 1543 193 1636 Sp.
223 1537 256 1612 5.
284 1539 398 1610 Anxie
419 1541 575 1612 Bolani.

121 1713 251 1787 Bolani
282 1739 346 1785 seu
374 1712 518 1811 glandis
554 1716 662 1813 penis
680 1701 1028 1812 strangulati0‚ex'
1089 1697 1091 1702 ¹

67 1835 260 1934 praeputio
277 1848 375 1905 retro
405 1831 577 1930 glandem
600 1832 828 1934 denudatam
854 1847 1011 1905 retracto

70 1969 112 2026 et
123 1952 307 2026 violenter
319 1951 540 2040 constricto,
552 1952 601 2024 ita
616 1965 660 2023 ut
673 1965 885 2024 antroruum
899 1974 1013 2049 supra

73 2071 250 2172 glandem
280 2073 373 2143 verti
398 2085 582 2170 nequeat;
613 2071 716 2144 unde
740 2087 866 2145 tumor
886 2070 1010 2146 balani

76 2217 173 2290 sape
201 2193 397 2280 immanis,
424 2217 570 2264 summe
587 2190 817 2284 dolorificus,
843 2193 1013 2268 colorise

79 2307 310 2384 rubrol'usci
339 2325 404 2382 aut
422 2307 552 2400 lividi,
575 2335 667 2410 saepe
688 2315 762 2385 cito
791 2315 831 2384 in
856 2337 1013 2412 gangrae-

80 2455 169 2502 nam
186 2445 252 2501 aut
266 2428 486 2528 sphalielum
503 2429 642 2502 abiens.

83 2571 167 2640 Srir.
183 2565 460 2664 Pamphimosis.
485 2569 600 2644 Auct.
780 2669 784 2678 1
808 2665 811 2672 Ι

142 2765 201 2854 Sp.
227 2761 263 2834 6.
294 2763 410 2833 Anxie
430 2765 556 2860 Digiti
576 2775 645 2833 ete.

136 2936 381 3035 strangulatio
399 2938 529 3036 digiti,
550 2937 689 3010 aliusve
711 2939 871 3012 membri
897 2942 1016 3037 cujue
1059 3009 1061 3014 .

91 3059 144 3131 vis
155 3055 317 3155 corporis
330 3081 374 3127 ex
390 3054 553 3144 annulo,
569 3053 659 3130 sune
671 3111 681 3144 ,
693 3073 759 3129 aut
770 3058 926 3156 ligatura
937 3065 1016 3132 vio-

94 3176 208 3249 lenter
234 3176 534 3271 conetringent03
564 3173 665 3246 unde
699 3191 825 3247 tumor
852 3178 1016 3274 partium

96 3297 371 3368 constrictorum
383 3293 926 3393 praegmndis,dolentisuimus‚
944 3297 1018 3369 cito

97 3419 134 3490 in
146 3439 373 3516 gangraenam
390 3413 529 3489 abiens.
