2782 4860
246 475 887 567 0.1.DYSAESTHETER1AE.
950 471 1022 574 2‘93
1097 524 1099 533 .

95 671 122 742 γ.
144 635 464 738 Acompressione
477 628 583 703 nervi
594 626 732 725 optici,
757 619 1023 720 exsemine,

139 781 258 857 pure,
273 775 370 854 aque
386 747 641 835 extravasatis,
659 755 727 822 aut
744 764 789 826 ex
804 754 951 814 tumore
960 736 1023 815 tti-

141 883 250 965 cino,
273 876 428 950 exostosi
451 885 519 946 etc.
1120 937 1139 976 ⁸

100 1065 134 1148 4.
159 1063 368 1133 Auruncus
391 1053 618 1132 Pletlrort'ca·

151 1241 344 1338 Vnur
360 1281 432 1355 pro
453 1275 572 1328 cauea
591 1260 758 1322 remota:

104 1493 131 1534 α.
158 1462 189 1530 A
205 1453 373 1556 plethora
388 1444 560 1549 generali.
614 1435 618 1446 ¹

106 1585 135 1674 β.
158 1584 184 1654 A
201 1573 436 1674 congestione
448 1566 640 1668 sanguinis
659 1583 786 1640 versus
804 1570 941 1658 caput:

184 1760 213 1806 1.
242 1734 300 1803 Ex
314 1729 447 1806 studiis
464 1726 603 1799 nimiis.

182 1879 216 1928 e.
241 1855 298 1924 Ex
325 1848 518 1948 emphraxi
544 1863 716 1916 vasorum
751 1847 817 1908 aut
851 1832 1034 1902 viscerum

303 1964 610 2042 abdominalium.
684 2017 688 2024 .

184 2091 220 2167 3.
246 2093 303 2162 Ex
324 2095 604 2164 menstruorum
632 2074 690 2150 vel
724 2063 1039 2146 haemorrhoidum

310 2199 582 2306 suppressione

121 2387 150 2468 5-
176 2391 377 2460 Ammona
394 2381 650 2476 Metaetatica.

174 2588 368 2662 Vtetur
386 2607 459 2680 pro
481 2601 598 2656 cauca
614 2581 771 2652 remota.-
913 2565 915 2574 '

124 2820 153 2868 a.
178 2777 546 2872 Avariola‚rubeola
561 2790 628 2850 etc.

125 2913 155 3000 β.
181 2915 209 2980 A
229 2906 349 2992 tinea,
366 2902 523 2988 achore,
538 2893 678 2981 ulcere,
689 2911 808 2989 psore,
819 2882 971 2979 herpete
984 2888 1051 2946 etc.

177 3025 265 3106 vela
273 3017 466 3110 fonticulo,
478 3031 543 3090 aut
554 3010 688 3086 sudore
701 3007 825 3108 topico
835 3008 1054 3104 praepostere

175 3145 328 3222 siccatis,

126 3303 153 3368 y.
182 3265 238 3339 Ab
248 3258 442 3334 arthritide
451 3253 649 3357 podagrica
663 3249 721 3322 vel
735 3238 982 3324 rheumatica,
993 3244 1059 3304 aut

161 3383 230 3456 ἰὼ
248 3377 463 3478 erysipelate
482 3367 747 3449 retrocedente.

133 3508 159 3576 t.
185 3507 213 3573 A
237 3497 396 3597 podagra
415 3493 618 3565 aberrante.

134 3653 157 3696 ε.
183 3625 210 3692 A
232 3619 317 3690 viru
334 3611 546 3717 syphilitico
562 3604 690 3681 oculos
704 3610 920 3698 occupante.

137 3753 163 3826 ζ.
190 3741 218 3810 A
235 3731 520 3828 blennorrhagia
534 3722 745 3834 syphilitica
758 3711 976 3824 genitalium
986 3723 1070 3800 sup·

190 3877 324 3962 pressa.

867 3953 891 4022 S
916 3947 938 4022 3,
