2784 4856
404 413 469 462 tn
495 389 562 460 CL.
578 387 638 455 lv.
654 383 897 456 cAcHExtAE
908 385 966 454 ET
978 383 1241 459 CACOCHYM.

446 529 500 606 A.
525 524 704 623 Atropby.

449 650 495 720 G.
512 643 710 742 Atropbie;
726 665 916 716 marasme.

448 769 515 840 Ge.
540 762 805 860 Auszehruug;
829 760 1066 858 Abzebrung.

447 927 510 1023 Sp.
541 947 570 994 1.
597 921 774 1020 Atropbia
795 922 1036 995 lnanitionia.

447 1085 499 1154 Ex
510 1083 636 1180 inopia
647 1048 748 1177 eh'yli
763 1077 912 1169 blandi,
932 1077 1065 1170 oleosi,
1084 1076 1213 1148 aliisve
1228 1077 1320 1148 vitiis

398 1201 644 1302 digestionis,
684 1200 957 1274 assimilationis
998 1212 1065 1271 aut
1106 1199 1320 1270 nutritionis

400 1318 571 1394 oriunda.

452 1459 647 1534 Vanus*
666 1483 737 1554 pro
759 1483 876 1530 conso
894 1471 1062 1532 amoto.-

383 1591 434 1672 'a'
452 1601 483 1670 A
510 1594 654 1672 defectu
667 1595 949 1684 alimentorum,
968 1593 1075 1666 fame.

396 1723 431 1812 β.
457 1721 487 1792 A
512 1743 623 1817 prava
637 1717 814 1818 qualitate
831 1715 1109 1789 alimentorum.

397 1872 427 1938 y.
454 1839 760 1938 Adysoataposia.

397 1963 425 2034 δ.
450 1958 505 2031 Ab
518 1961 770 2058 hyperemesia
783 1956 974 2034 habituali.

398 2108 423 2150 ε.
449 2084 479 2148 A
496 2075 703 2183 dyspepsia.

398 2207 428 2280 ζ.
457 2191 515 2265 Ab
533 2208 675 2268 avaote.

397 2344 426 2395 η.
453 2309 510 2383 Ab
524 2309 752 2409 urorrbagia.

396 2441 430 2506 9.
448 2435 479 2504 A
501 2430 668 2522 skirrbo,
686 2430 809 2504 ulcere
832 2431 890 2504 vel
912 2430 1161 2506 carlinomate
1182 2435 1313 2506 ventri·

446 2550 533 2624 culi.

395 2703 415 2744 ι.
451 2673 482 2742 A
501 2671 638 2743 stenosi
651 2669 779 2743 midias
794 2669 852 2742 rel
869 2670 1002 2768 pyloni.

395 2797 479 2864 aA
509 2788 735 2890 chordapso,
776 2815 841 2862 seu
873 2793 1010 2864 stenosi
1054 2793 1310 2866 intestinorum
1378 2771 1379 2776 ἵ

447 2913 631 2984 tenuium.

395 3035 423 3104 t.
449 3029 505 3103 Ab
536 3028 655 3102 abusu
689 3031 974 3128 spirituosorum
1012 3028 1218 3125 habituali,
1251 3045 1311 3102 aut

470 3149 637 3248 longiore
663 3164 829 3248 tempore
861 3149 1089 3225 continuato.

395 3302 428 3365 μ
454 3269 753 3342 Ababusuaoeti.

395 3419 422 3461 ν.
446 3396 475 3463 A
490 3389 677 3462 vermibus
689 3387 886 3462 ventriculi
897 3386 954 3461 vel
968 3389 1244 3462 intestinorum.

394 3511 422 3592 ξ.
447 3505 505 3579 Ab
526 3507 779 3582 obstructione
800 3531 971 3580 rasorum
1002 3509 1228 3600 lacteorum,
1253 3507 1308 3580 vel

444 3623 703 3724 glandularum
739 3629 1056 3720 meseraiearum,
1093 3646 1160 3704 aut
1182 3629 1312 3704 ductus

444 3741 623 3833 cbyliferi.

1232 3847 1308 3919 ..t
